TradeID,BuyOrderID,SellOrderID,Price,Quantity,Timestamp
TradeID,BuyOrderID,SellOrderID,Price,Quantity,Timestamp
1,4,1,864,63,1750265660
2,7,1,864,2,1750265660
3,7,5,1062,23,1750265660
4,8,5,1062,62,1750265660
5,11,9,788,20,1750265660
6,11,12,872,13,1750265660
7,13,12,803,39,1750265660
8,15,5,1062,8,1750265660
9,15,14,1093,8,1750265660
10,13,16,973,12,1750265660
11,13,20,973,47,1750265661
12,21,20,953,31,1750265661
13,27,14,1093,3,1750265661
14,27,3,1175,23,1750265661
15,27,22,1207,37,1750265661
16,27,6,1214,4,1750265661
17,24,28,1018,61,1750265661
18,21,28,1015,5,1750265661
19,26,28,980,33,1750265661
20,31,36,1141,16,1750265661
21,31,37,1141,15,1750265661
22,31,38,1141,14,1750265661
23,32,38,1128,60,1750265661
24,32,39,1128,22,1750265661
25,42,39,1043,19,1750265661
26,26,43,980,41,1750265661
27,30,43,952,31,1750265661
28,47,46,1035,78,1750265662
29,48,46,1035,3,1750265662
30,48,39,1043,6,1750265662
31,48,40,1077,28,1750265662
32,30,50,952,39,1750265662
33,52,49,967,28,1750265662
34,55,49,967,34,1750265662
35,30,62,952,28,1750265663
36,19,62,907,29,1750265663
37,65,56,958,23,1750265663
38,71,56,958,40,1750265663
39,71,49,967,3,1750265663
40,71,69,1009,44,1750265663
41,71,58,1053,2,1750265663
42,73,58,1053,13,1750265663
43,72,76,920,41,1750265663
44,19,76,907,46,1750265663
45,44,76,895,6,1750265663
46,44,77,895,35,1750265663
47,44,79,895,11,1750265663
48,80,86,982,81,1750265663
49,44,86,895,4,1750265663
50,89,88,916,86,1750265663
51,89,87,917,5,1750265663
52,91,87,917,19,1750265664
53,92,87,917,40,1750265664
54,44,94,895,16,1750265664
55,64,94,890,11,1750265664
56,54,94,870,20,1750265664
57,54,96,870,11,1750265664
58,85,96,868,42,1750265664
59,100,87,917,22,1750265664
60,85,101,868,21,1750265664
61,51,101,860,9,1750265664
62,104,103,883,73,1750265664
63,106,103,883,11,1750265665
64,106,87,917,8,1750265665
65,106,102,958,5,1750265665
66,111,107,876,13,1750265665
67,111,102,958,7,1750265665
68,113,102,958,4,1750265665
69,113,58,1053,72,1750265665
70,114,120,983,30,1750265665
71,112,120,943,15,1750265665
72,123,116,1031,69,1750265665
73,124,116,1031,23,1750265665
74,124,122,1039,38,1750265665
75,124,58,1053,9,1750265665
76,124,84,1054,24,1750265665
77,126,84,1054,3,1750265665
78,126,40,1077,13,1750265665
79,126,82,1080,25,1750265665
80,127,82,1080,2,1750265665
81,127,95,1096,39,1750265665
82,127,53,1102,11,1750265665
83,127,67,1105,29,1750265665
84,127,70,1113,8,1750265665
85,112,128,943,37,1750265665
86,51,128,860,59,1750265665
87,129,133,1005,11,1750265666
88,51,133,860,8,1750265666
89,34,133,858,51,1750265666
90,59,133,852,22,1750265666
91,134,131,1063,15,1750265666
92,59,139,852,15,1750265666
93,140,138,932,50,1750265666
94,140,135,957,7,1750265666
95,141,135,957,51,1750265666
96,142,144,894,44,1750265666
97,59,144,852,23,1750265666
98,147,135,957,32,1750265666
99,150,143,999,10,1750265667
100,147,151,980,21,1750265667
101,152,143,999,12,1750265667
102,155,154,1038,21,1750265667
103,155,131,1063,50,1750265667
104,155,70,1113,21,1750265667
105,155,108,1119,6,1750265667
106,156,108,1119,67,1750265667
107,156,90,1127,1,1750265667
108,153,158,1029,28,1750265667
109,159,90,1127,78,1750265667
110,153,160,1029,1,1750265667
111,152,161,1007,22,1750265667
112,147,161,980,5,1750265667
113,163,161,881,63,1750265667
114,164,161,881,4,1750265667
115,164,162,882,40,1750265667
116,170,160,1011,34,1750265667
117,170,167,1022,27,1750265667
118,170,90,1127,8,1750265667
119,170,78,1155,4,1750265667
120,164,174,984,18,1750265668
121,176,174,974,13,1750265668
122,176,175,1083,70,1750265668
123,177,78,1155,55,1750265668
124,177,81,1155,15,1750265668
125,176,180,1128,5,1750265668
126,179,180,1067,59,1750265668
127,182,81,1155,14,1750265669
128,182,137,1155,77,1750265669
129,179,183,1067,13,1750265669
130,169,183,965,18,1750265669
131,178,183,962,34,1750265669
132,185,184,1120,87,1750265669
133,185,137,1155,13,1750265669
134,178,186,962,50,1750265669
135,181,186,946,27,1750265669
136,181,188,946,11,1750265669
137,191,192,1065,70,1750265669
138,191,195,1065,13,1750265669
139,190,195,1003,15,1750265669
140,181,195,946,16,1750265669
141,196,198,1012,17,1750265669
142,181,198,946,21,1750265669
143,172,198,936,55,1750265669
144,171,198,892,4,1750265669
145,171,200,892,26,1750265670
146,149,200,875,9,1750265670
147,205,203,950,81,1750265670
148,205,189,1068,17,1750265670
149,207,189,1068,41,1750265670
150,210,189,1068,26,1750265670
151,210,206,1079,27,1750265670
152,211,206,1079,28,1750265670
153,212,206,1079,20,1750265670
154,212,194,1081,8,1750265670
155,209,214,993,55,1750265670
156,209,216,993,15,1750265670
157,213,216,975,49,1750265670
158,217,216,925,18,1750265670
159,217,194,1081,23,1750265670
160,217,137,1155,1,1750265670
161,217,202,1159,52,1750265670
162,208,218,896,61,1750265670
163,221,222,1053,43,1750265671
164,219,222,1046,8,1750265671
165,219,224,1046,57,1750265671
166,219,226,1046,27,1750265671
167,208,226,896,9,1750265671
168,227,230,914,10,1750265671
169,234,233,973,55,1750265671
170,234,232,1084,22,1750265671
171,235,240,972,22,1750265672
172,237,240,962,77,1750265672
173,241,232,1084,27,1750265672
174,242,232,1084,17,1750265672
175,242,243,1123,31,1750265672
176,244,229,1126,19,1750265672
177,244,202,1159,24,1750265672
178,244,57,1163,36,1750265672
179,244,132,1166,12,1750265672
180,244,61,1172,4,1750265672
181,246,61,1172,50,1750265672
182,246,99,1176,49,1750265672
183,242,248,1123,14,1750265672
184,245,248,978,42,1750265672
185,237,248,962,21,1750265672
186,227,248,914,14,1750265672
187,252,249,1165,40,1750265672
188,253,254,1143,75,1750265672
189,250,254,1140,19,1750265672
190,250,255,1140,30,1750265672
191,227,257,914,29,1750265672
192,259,258,957,40,1750265672
193,259,260,972,47,1750265672
194,227,260,914,21,1750265672
195,262,255,991,45,1750265672
196,262,263,1063,29,1750265672
197,227,263,914,2,1750265672
198,238,263,906,58,1750265672
199,264,249,1165,39,1750265672
200,266,267,1038,13,1750265673
201,269,249,1165,2,1750265673
202,269,251,1174,12,1750265673
203,270,251,1174,10,1750265673
204,266,271,1038,5,1750265673
205,274,271,951,73,1750265673
206,275,251,1174,25,1750265673
207,275,99,1176,18,1750265673
208,275,148,1178,41,1750265673
209,277,148,1178,44,1750265673
210,277,130,1184,39,1750265673
211,276,279,1092,22,1750265673
212,274,279,1007,6,1750265673
213,280,130,1184,21,1750265673
214,280,187,1188,15,1750265673
215,274,281,1007,3,1750265673
216,282,281,970,29,1750265673
217,285,287,932,23,1750265673
218,289,281,970,9,1750265673
219,289,288,1064,36,1750265673
220,285,290,932,37,1750265673
221,238,290,906,31,1750265673
222,208,290,896,27,1750265673
223,201,290,878,3,1750265673
224,293,299,996,42,1750265674
225,300,296,1050,13,1750265674
226,300,288,1064,23,1750265674
227,293,302,996,28,1750265674
228,295,302,956,14,1750265674
229,291,302,912,22,1750265674
230,304,288,1064,8,1750265674
231,304,297,1084,25,1750265674
232,304,294,1090,3,1750265674
233,306,307,959,21,1750265674
234,308,307,924,52,1750265674
235,314,316,1002,36,1750265675
236,308,316,946,11,1750265675
237,303,316,916,15,1750265675
238,201,316,878,37,1750265675
239,201,317,878,45,1750265675
240,149,317,875,37,1750265675
241,320,321,1037,19,1750265675
242,319,321,960,61,1750265675
243,319,322,960,6,1750265675
244,149,324,875,22,1750265675
245,146,325,869,13,1750265675
246,326,324,871,7,1750265675
247,327,322,951,49,1750265675
248,327,309,1042,34,1750265675
249,329,328,981,41,1750265675
250,326,332,906,8,1750265676
251,330,332,883,53,1750265676
252,334,331,957,47,1750265676
253,334,328,981,2,1750265676
254,339,328,981,48,1750265676
255,339,340,1024,12,1750265676
256,330,341,883,14,1750265676
257,146,341,869,4,1750265676
258,312,341,864,44,1750265676
259,338,341,863,8,1750265676
260,345,340,934,20,1750265676
261,345,309,1042,25,1750265676
262,348,347,958,55,1750265676
263,350,347,958,39,1750265677
264,351,352,1030,16,1750265677
265,350,353,997,33,1750265677
266,349,354,901,68,1750265677
267,338,354,863,30,1750265677
268,338,359,863,34,1750265677
269,215,359,858,24,1750265677
270,361,357,895,16,1750265677
271,363,357,895,63,1750265677
272,363,353,942,7,1750265677
273,364,353,942,37,1750265677
274,364,366,963,17,1750265678
275,370,369,902,35,1750265678
276,370,366,942,42,1750265678
277,370,368,957,17,1750265678
278,373,368,957,9,1750265678
279,373,355,978,20,1750265678
280,373,367,992,22,1750265678
281,362,374,869,79,1750265678
282,215,374,858,1,1750265678
283,377,378,986,49,1750265678
284,380,367,992,12,1750265678
285,382,367,992,44,1750265678
286,377,384,986,44,1750265678
287,383,384,885,23,1750265678
288,388,389,975,24,1750265679
289,391,367,992,21,1750265679
290,391,376,999,37,1750265679
291,391,352,1012,9,1750265679
292,391,381,1019,24,1750265679
293,392,381,1019,37,1750265679
294,392,309,1042,33,1750265679
295,392,386,1054,22,1750265679
296,388,393,975,21,1750265679
297,395,386,1054,7,1750265679
298,395,318,1061,38,1750265679
299,395,356,1068,40,1750265679
300,395,337,1069,7,1750265679
301,399,398,1002,32,1750265679
302,399,337,1069,37,1750265679
303,400,294,1090,29,1750265679
304,400,286,1115,14,1750265679
305,399,410,1083,6,1750265680
306,406,410,1022,25,1750265680
307,406,411,1022,8,1750265680
308,413,411,995,19,1750265680
309,412,414,981,37,1750265680
310,415,411,995,24,1750265680
311,415,286,1115,22,1750265680
312,416,417,986,49,1750265680
313,412,417,981,19,1750265680
314,412,418,981,43,1750265680
315,388,418,975,29,1750265680
316,397,418,923,8,1750265680
317,427,286,1115,23,1750265681
318,427,315,1120,69,1750265681
319,428,315,1120,5,1750265681
320,428,335,1122,25,1750265681
321,428,409,1139,4,1750265681
322,422,429,1086,22,1750265681
323,423,429,1083,20,1750265681
324,431,409,1139,22,1750265681
325,431,421,1151,21,1750265681
326,431,420,1152,35,1750265681
327,431,394,1154,11,1750265681
328,432,394,1154,11,1750265681
329,423,434,1083,66,1750265681
330,437,394,1154,14,1750265681
331,437,311,1159,23,1750265681
332,437,401,1160,29,1750265681
333,423,446,1083,9,1750265681
334,443,446,1039,52,1750265681
335,443,447,1039,24,1750265681
336,450,447,1022,12,1750265682
337,435,453,968,66,1750265682
338,435,455,968,5,1750265682
339,452,455,961,61,1750265682
340,454,455,953,10,1750265682
341,424,455,948,7,1750265682
342,456,447,1022,7,1750265682
343,456,451,1144,41,1750265682
344,424,459,948,11,1750265682
345,464,460,1068,20,1750265682
346,465,451,1144,43,1750265682
347,464,466,1076,20,1750265682
348,464,467,1076,30,1750265682
349,472,451,1144,5,1750265683
350,472,401,1160,19,1750265683
351,468,474,1110,63,1750265683
352,464,474,1076,23,1750265683
353,464,475,1076,5,1750265683
354,477,475,963,11,1750265683
355,477,401,1160,10,1750265683
356,477,439,1164,12,1750265683
357,424,480,948,33,1750265683
358,445,483,940,33,1750265683
359,473,483,927,34,1750265683
360,485,480,944,48,1750265683
361,486,439,1164,44,1750265683
362,485,491,1100,42,1750265684
363,473,491,927,29,1750265684
364,473,493,927,20,1750265684
365,473,494,927,8,1750265684
366,397,494,923,55,1750265684
367,397,495,923,5,1750265684
368,402,495,900,67,1750265684
369,469,495,900,15,1750265684
370,478,495,895,6,1750265684
371,478,496,895,37,1750265684
372,478,498,895,24,1750265684
373,449,498,887,47,1750265684
374,499,501,1059,45,1750265685
375,503,502,1116,27,1750265685
376,503,504,1157,63,1750265685
377,499,507,1059,11,1750265685
378,510,504,1087,14,1750265685
379,514,504,1087,22,1750265685
380,514,515,1118,41,1750265685
381,499,515,1059,1,1750265685
382,449,515,887,8,1750265685
383,517,439,1164,7,1750265685
384,517,462,1172,30,1750265685
385,522,462,1172,35,1750265686
386,449,523,887,23,1750265686
387,385,523,886,13,1750265686
388,444,523,886,24,1750265686
389,526,524,905,63,1750265686
390,527,524,905,18,1750265686
391,530,528,1148,26,1750265686
392,530,462,1172,23,1750265686
393,530,298,1176,42,1750265686
394,529,541,1025,45,1750265686
395,529,542,1025,2,1750265687
396,537,542,1022,71,1750265687
397,538,542,960,21,1750265687
398,544,549,991,70,1750265687
399,544,550,991,18,1750265687
400,538,550,960,48,1750265687
401,551,543,1032,56,1750265687
402,551,553,1057,19,1750265687
403,538,554,960,5,1750265687
404,536,554,950,10,1750265687
405,527,558,936,36,1750265687
406,561,554,942,6,1750265688
407,561,560,959,25,1750265688
408,527,568,936,43,1750265688
409,562,568,912,15,1750265688
410,562,569,912,59,1750265688
411,444,569,886,37,1750265688
412,444,570,886,16,1750265688
413,571,565,944,41,1750265688
414,576,565,944,26,1750265688
415,576,560,959,12,1750265688
416,576,553,976,41,1750265688
417,577,553,976,40,1750265688
418,577,566,1008,26,1750265688
419,577,572,1017,17,1750265688
420,577,556,1022,3,1750265688
421,578,556,1022,10,1750265688
422,578,564,1039,12,1750265689
423,578,575,1052,13,1750265689
424,579,575,1052,74,1750265689
425,579,574,1076,16,1750265689
426,580,574,1076,11,1750265689
427,580,533,1091,39,1750265689
428,580,535,1135,4,1750265689
429,581,535,1135,41,1750265689
430,581,567,1136,56,1750265689
431,585,567,1136,40,1750265689
432,585,546,1158,20,1750265689
433,585,298,1176,9,1750265689
434,585,457,1176,18,1750265689
435,587,586,1134,37,1750265689
436,590,586,1134,41,1750265689
437,590,589,1157,20,1750265689
438,588,591,1077,71,1750265689
439,592,589,1157,42,1750265689
440,592,457,1176,12,1750265689
441,588,596,1077,9,1750265690
442,584,596,966,46,1750265690
443,444,596,886,7,1750265690
444,383,596,885,11,1750265690
445,383,601,885,21,1750265690
446,545,601,885,35,1750265690
447,609,594,1120,21,1750265691
448,602,612,902,20,1750265691
449,545,614,885,46,1750265691
450,379,614,881,14,1750265691
451,621,612,888,52,1750265691
452,622,624,982,54,1750265691
453,626,624,925,18,1750265691
454,626,613,1010,11,1750265691
455,630,627,901,43,1750265692
456,630,629,974,25,1750265692
457,630,613,1010,9,1750265692
458,632,613,1010,27,1750265692
459,632,625,1041,6,1750265692
460,633,625,1041,20,1750265692
461,636,625,1041,53,1750265692
462,636,623,1053,21,1750265692
463,636,611,1062,17,1750265692
464,640,638,966,40,1750265693
465,640,611,1062,4,1750265693
466,640,639,1082,33,1750265693
467,649,646,912,37,1750265693
468,651,646,912,43,1750265693
469,651,645,936,51,1750265693
470,651,643,952,4,1750265693
471,652,643,952,46,1750265693
472,653,643,952,6,1750265693
473,653,644,957,84,1750265693
474,653,639,1082,6,1750265693
475,635,655,910,54,1750265693
476,657,654,979,29,1750265694
477,657,656,1081,30,1750265694
478,657,639,1082,13,1750265694
479,657,628,1083,19,1750265694
480,659,658,985,12,1750265694
481,635,660,910,6,1750265694
482,621,660,894,13,1750265694
483,648,660,886,52,1750265694
484,661,658,985,5,1750265694
485,661,628,1083,33,1750265694
486,661,642,1084,6,1750265694
487,664,642,1084,44,1750265694
488,662,667,1078,31,1750265694
489,668,642,1084,21,1750265694
490,668,616,1085,26,1750265694
491,662,671,1078,29,1750265694
492,662,672,1078,6,1750265694
493,666,672,949,10,1750265694
494,663,672,933,23,1750265694
495,665,672,919,2,1750265694
496,674,616,1085,44,1750265695
497,674,631,1105,2,1750265695
498,665,676,919,64,1750265695
499,675,676,907,33,1750265695
500,681,685,1086,24,1750265696
501,681,688,1086,49,1750265696
502,679,688,1083,19,1750265696
503,679,690,1083,16,1750265696
504,678,690,1031,18,1750265696
505,692,690,966,26,1750265696
506,693,690,966,22,1750265696
507,694,684,1102,73,1750265697
508,696,695,989,13,1750265697
509,696,699,1030,42,1750265697
510,701,702,1062,35,1750265697
511,696,702,1030,34,1750265697
512,696,705,1030,6,1750265697
513,700,705,999,12,1750265697
514,693,705,975,61,1750265697
515,706,684,1102,10,1750265698
516,706,631,1105,24,1750265698
517,706,689,1108,13,1750265698
518,709,689,1108,1,1750265698
519,709,691,1108,80,1750265698
520,709,703,1109,3,1750265698
521,711,703,1109,29,1750265698
522,693,713,975,7,1750265698
523,680,713,945,27,1750265698
524,677,713,926,39,1750265698
525,716,714,949,79,1750265698
526,716,715,1095,1,1750265698
527,719,715,1095,27,1750265699
528,723,715,1095,12,1750265699
529,723,703,1109,25,1750265699
530,724,725,1059,83,1750265699
531,726,703,1109,43,1750265699
532,726,704,1111,50,1750265699
533,724,728,1059,11,1750265699
534,730,731,958,30,1750265699
535,733,734,984,59,1750265699
536,730,734,958,17,1750265699
537,727,734,935,3,1750265699
538,727,735,935,27,1750265699
539,717,735,931,40,1750265699
540,717,738,931,13,1750265699
541,677,738,926,52,1750265699
542,677,739,926,4,1750265700
543,675,739,907,5,1750265700
544,687,739,899,34,1750265700
545,648,739,886,15,1750265700
546,741,728,993,28,1750265700
547,750,749,983,17,1750265700
548,750,728,993,39,1750265700
549,752,728,993,6,1750265700
550,752,747,1020,18,1750265700
551,752,740,1059,54,1750265700
552,648,754,886,4,1750265701
553,729,754,884,18,1750265701
554,697,754,883,23,1750265701
555,379,754,881,50,1750265701
556,757,740,1059,10,1750265701
557,757,755,1073,53,1750265701
558,379,758,881,23,1750265701
559,552,758,879,44,1750265701
560,732,758,879,11,1750265701
561,761,755,1073,10,1750265701
562,768,772,900,59,1750265702
563,732,772,879,13,1750265702
564,773,764,928,74,1750265702
565,773,766,950,4,1750265702
566,778,766,950,50,1750265702
567,776,781,920,52,1750265702
568,776,783,920,7,1750265702
569,786,783,917,53,1750265702
570,788,783,917,11,1750265702
571,784,791,895,70,1750265702
572,794,793,900,44,1750265703
573,795,793,900,55,1750265703
574,795,783,917,23,1750265703
575,795,780,938,9,1750265703
576,797,780,938,13,1750265703
577,797,766,950,9,1750265703
578,797,763,978,19,1750265703
579,784,798,895,8,1750265703
580,732,798,879,3,1750265703
581,803,763,978,29,1750265703
582,803,767,984,46,1750265703
583,803,765,987,13,1750265703
584,808,806,932,35,1750265703
585,810,809,916,13,1750265704
586,813,809,916,21,1750265704
587,813,806,932,44,1750265704
588,814,806,932,12,1750265704
589,814,815,945,56,1750265704
590,817,804,972,57,1750265704
591,817,765,987,6,1750265704
592,814,824,945,23,1750265704
593,826,765,987,21,1750265704
594,826,785,1013,14,1750265704
595,829,785,1013,60,1750265705
596,830,785,1013,11,1750265705
597,830,774,1039,20,1750265705
598,833,774,1039,6,1750265705
599,833,818,1052,25,1750265705
600,833,825,1054,20,1750265705
601,835,825,1054,27,1750265705
602,836,838,961,52,1750265705
603,814,840,945,4,1750265705
604,732,840,879,8,1750265705
605,732,841,879,15,1750265705
606,404,841,870,27,1750265705
607,436,841,870,30,1750265705
608,845,838,954,1,1750265706
609,845,837,1018,16,1750265706
610,845,825,1054,26,1750265706
611,436,847,870,38,1750265706
612,721,847,870,33,1750265706
613,848,849,1017,42,1750265706
614,850,849,889,6,1750265706
615,851,825,1054,20,1750265706
616,851,805,1062,10,1750265706
617,851,755,1073,20,1750265706
618,851,745,1076,4,1750265706
619,850,852,950,30,1750265706
620,853,852,890,38,1750265706
621,853,745,1076,61,1750265706
622,721,858,870,10,1750265706
623,859,857,975,13,1750265706
624,861,857,975,12,1750265707
625,864,857,975,17,1750265707
626,864,854,995,51,1750265707
627,865,854,995,10,1750265707
628,872,854,995,31,1750265707
629,872,855,1005,10,1750265707
630,872,745,1076,27,1750265707
631,872,832,1076,12,1750265707
632,873,832,1076,19,1750265707
633,873,792,1084,65,1750265707
634,873,789,1087,1,1750265707
635,877,789,1087,23,1750265707
636,869,878,944,21,1750265708
637,869,884,944,7,1750265708
638,860,884,929,38,1750265708
639,885,883,1045,54,1750265708
640,888,883,1045,18,1750265708
641,888,882,1058,24,1750265708
642,890,789,1087,42,1750265708
643,891,789,1087,14,1750265708
644,891,753,1092,52,1750265708
645,886,892,1022,33,1750265708
646,886,895,1022,27,1750265709
647,893,895,1010,35,1750265709
648,887,895,946,6,1750265709
649,887,898,946,61,1750265709
650,860,898,929,13,1750265709
651,889,898,923,21,1750265709
652,889,899,923,52,1750265709
653,908,906,958,29,1750265709
654,908,901,998,10,1750265709
655,909,901,998,55,1750265709
656,912,901,998,14,1750265710
657,912,896,1006,13,1750265710
658,915,913,954,15,1750265710
659,915,896,1006,20,1750265710
660,915,902,1010,36,1750265710
661,919,902,1010,35,1750265710
662,919,921,1082,38,1750265710
663,922,921,972,13,1750265710
664,925,753,1092,34,1750265710
665,925,800,1106,38,1750265710
666,925,807,1107,19,1750265710
667,926,807,1107,34,1750265710
668,926,875,1108,3,1750265710
669,922,927,1082,21,1750265710
670,920,927,938,1,1750265710
671,929,875,1108,48,1750265710
672,929,846,1110,13,1750265710
673,930,846,1110,7,1750265710
674,930,704,1111,23,1750265710
675,932,704,1111,12,1750265711
676,932,816,1113,36,1750265711
677,933,816,1113,9,1750265711
678,933,811,1115,56,1750265711
679,934,935,1055,34,1750265711
680,934,936,1055,9,1750265711
681,937,936,1047,12,1750265711
682,938,811,1115,25,1750265711
683,938,594,1120,21,1750265711
684,938,821,1121,2,1750265711
685,937,941,1054,20,1750265711
686,937,942,1054,27,1750265711
687,937,944,1054,14,1750265711
688,920,944,938,16,1750265711
689,923,945,924,35,1750265711
690,889,945,923,20,1750265711
691,924,945,906,8,1750265711
692,946,944,932,40,1750265711
693,949,944,932,12,1750265711
694,949,939,1083,31,1750265711
695,924,950,906,76,1750265711
696,911,950,904,16,1750265711
697,951,939,1083,16,1750265711
698,911,956,904,28,1750265712
699,862,958,876,46,1750265712
700,959,956,895,31,1750265712
701,959,939,1083,30,1750265712
702,963,960,980,18,1750265712
703,964,960,980,14,1750265712
704,964,961,1014,24,1750265712
705,967,966,957,29,1750265712
706,968,966,957,19,1750265712
707,968,971,981,22,1750265713
708,862,971,876,34,1750265713
709,917,971,872,14,1750265713
710,917,973,872,23,1750265713
711,917,974,872,6,1750265713
712,870,974,871,60,1750265713
713,977,978,935,21,1750265713
714,870,979,871,18,1750265713
715,721,979,870,13,1750265713
716,775,979,870,11,1750265713
717,505,979,869,10,1750265713
718,980,978,880,19,1750265713
719,984,978,880,41,1750265714
720,984,989,897,22,1750265714
721,505,989,869,12,1750265714
722,505,995,869,19,1750265714
723,997,995,869,25,1750265715
724,997,992,909,1,1750265715
725,998,1000,868,29,1750265715
726,1003,992,909,17,1750265715
727,1005,983,930,28,1750265715
728,1005,982,984,57,1750265715
729,1009,961,1014,23,1750265715
730,1005,1010,993,6,1750265715
731,1007,1010,930,28,1750265715
732,1007,1011,930,32,1750265715
733,1003,1011,916,47,1750265715
734,1008,1011,892,15,1750265715
735,1014,1013,894,61,1750265716
736,1016,1013,894,22,1750265716
737,1016,961,1014,32,1750265716
738,1016,1006,1026,34,1750265716
739,1008,1019,892,42,1750265716
740,998,1019,868,27,1750265716
741,396,1019,867,17,1750265716
742,1021,1023,992,35,1750265717
743,1021,1025,992,31,1750265717
744,396,1025,867,24,1750265717
745,1027,1006,1026,22,1750265717
746,1028,1006,1026,11,1750265717
747,1028,1004,1058,13,1750265717
748,1028,962,1079,44,1750265717
749,1031,1033,1063,47,1750265717
750,1031,1036,1063,2,1750265718
751,1029,1036,1003,33,1750265718
752,1029,1037,1003,33,1750265718
753,396,1037,867,43,1750265718
754,403,1037,865,6,1750265718
755,1039,996,1080,63,1750265718
756,1049,1048,1024,20,1750265718
757,1051,1048,1024,6,1750265718
758,1051,996,1080,17,1750265718
759,1052,1054,1074,20,1750265719
760,1045,1054,1008,19,1750265719
761,1041,1054,998,46,1750265719
762,1046,1054,923,4,1750265719
763,1055,996,1080,2,1750265719
764,1055,939,1083,2,1750265719
765,1055,994,1085,14,1750265719
766,1058,1056,1025,15,1750265719
767,1058,994,1085,10,1750265719
768,1058,986,1087,26,1750265719
769,1046,1059,923,55,1750265719
770,1042,1059,901,27,1750265719
771,1061,986,1087,6,1750265719
772,1061,1040,1092,69,1750265719
773,1062,1040,1092,21,1750265719
774,1062,1035,1093,28,1750265719
775,1062,1050,1097,19,1750265719
776,1062,988,1106,32,1750265719
777,1063,988,1106,6,1750265719
778,1063,1002,1112,35,1750265719
779,1064,1065,994,93,1750265719
780,1067,1066,928,25,1750265719
781,1067,1065,957,1,1750265719
782,1067,1002,1112,31,1750265719
783,1068,1002,1112,11,1750265719
784,1068,999,1120,22,1750265719
785,1069,999,1120,25,1750265719
786,1069,821,1121,21,1750265719
787,1069,746,1123,32,1750265719
788,1074,746,1123,59,1750265720
789,1074,736,1126,3,1750265720
790,1075,736,1126,68,1750265720
791,1075,948,1126,4,1750265720
792,1070,1076,1009,15,1750265720
793,1070,1077,1009,42,1750265720
794,1042,1077,901,12,1750265720
795,1042,1078,901,25,1750265720
796,403,1078,865,15,1750265720
797,1080,1079,915,72,1750265720
798,1083,948,1126,40,1750265720
799,1083,670,1130,22,1750265720
800,1080,1085,994,22,1750265720
801,1082,1085,898,77,1750265720
802,1087,1084,1126,83,1750265721
803,1086,1088,1043,34,1750265721
804,1086,1091,1043,15,1750265721
805,1082,1091,898,15,1750265721
806,1081,1091,881,68,1750265721
807,1099,1084,1126,12,1750265721
808,1099,670,1130,52,1750265721
809,1099,907,1131,22,1750265721
810,1100,907,1131,28,1750265721
811,1100,827,1134,69,1750265721
812,1101,617,1135,49,1750265721
813,1101,1022,1136,26,1750265721
814,1093,1102,1096,56,1750265722
815,1095,1102,959,35,1750265722
816,1095,1103,959,2,1750265722
817,1092,1103,945,17,1750265722
818,1104,1106,1109,54,1750265722
819,1104,1107,1109,14,1750265722
820,1109,1107,1015,13,1750265722
821,1109,1022,1136,6,1750265722
822,1110,1022,1136,17,1750265722
823,1114,1113,1026,71,1750265722
824,1115,1116,986,35,1750265722
825,1092,1116,945,4,1750265722
826,1118,1122,993,61,1750265722
827,1092,1122,945,4,1750265722
828,1124,1113,1026,20,1750265723
829,1124,1022,1136,1,1750265723
830,1124,991,1140,53,1750265723
831,1125,1127,1009,17,1750265723
832,1092,1127,945,3,1750265723
833,1081,1127,881,12,1750265723
834,403,1127,865,40,1750265723
835,1128,1129,1054,37,1750265723
836,403,1129,865,3,1750265723
837,796,1129,865,3,1750265723
838,1130,991,1140,41,1750265723
839,1130,965,1141,50,1750265723
840,1131,1133,1128,15,1750265723
841,1131,1138,1128,32,1750265723
842,1137,1138,1117,15,1750265723
843,1134,1138,1109,23,1750265723
844,1139,965,1141,27,1750265723
845,1139,1073,1145,17,1750265723
846,1139,820,1154,2,1750265723
847,1134,1142,1109,20,1750265724
848,1134,1143,1109,1,1750265724
849,1135,1143,1004,35,1750265724
850,1132,1143,874,54,1750265724
851,1144,820,1154,52,1750265724
852,1144,1089,1157,9,1750265724
853,1150,1089,1157,54,1750265724
854,1150,742,1158,28,1750265724
855,1146,1151,947,14,1750265724
856,1149,1151,901,7,1750265724
857,1152,1153,1075,35,1750265724
858,1158,1153,937,51,1750265724
859,1149,1159,901,21,1750265724
860,1149,1161,901,5,1750265724
861,1147,1161,878,65,1750265724
862,1163,1162,905,27,1750265725
863,1164,1162,905,8,1750265725
864,1164,1153,937,1,1750265725
865,1164,1165,1049,32,1750265725
866,1166,1156,1064,49,1750265725
867,1164,1167,1049,14,1750265725
868,1169,1167,972,36,1750265725
869,1169,1170,1038,46,1750265725
870,1171,1170,883,49,1750265725
871,1171,1156,1064,11,1750265725
872,1171,1168,1095,10,1750265725
873,1147,1173,878,35,1750265725
874,1132,1173,874,30,1750265725
875,796,1173,865,9,1750265725
876,1136,1173,865,12,1750265725
877,1179,1174,965,11,1750265725
878,1179,1177,1061,46,1750265725
879,1175,1181,938,29,1750265725
880,1182,1189,963,25,1750265726
881,1191,1188,1031,69,1750265726
882,1191,1177,1061,8,1750265726
883,1182,1192,963,1,1750265726
884,1175,1192,938,29,1750265726
885,1194,1177,1061,23,1750265726
886,1194,1168,1095,23,1750265726
887,1194,1196,1097,37,1750265726
888,1193,1196,987,61,1750265726
889,1193,1201,987,10,1750265726
890,1175,1204,938,14,1750265727
891,1205,1201,986,36,1750265727
892,1207,1201,986,37,1750265727
893,1207,1198,1064,24,1750265727
894,1210,1211,1049,22,1750265727
895,1208,1211,948,52,1750265727
896,1175,1211,938,12,1750265727
897,1203,1211,895,5,1750265727
898,1212,1213,1032,58,1750265727
899,1214,1213,908,28,1750265727
900,1214,1198,1064,20,1750265727
901,1214,1180,1104,34,1750265727
902,1216,1215,1013,26,1750265727
903,1216,1180,1104,3,1750265727
904,1216,1206,1117,48,1750265727
905,1218,1220,1087,53,1750265728
906,1221,1206,1117,17,1750265728
907,1221,1197,1146,21,1750265728
908,1218,1222,1087,32,1750265728
909,1219,1222,1032,39,1750265728
910,1219,1224,1032,20,1750265728
911,1219,1226,1032,22,1750265728
912,1217,1226,1012,22,1750265728
913,1228,1197,1146,3,1750265728
914,1228,742,1158,33,1750265728
915,1217,1230,1012,31,1750265728
916,1231,1229,1076,81,1750265728
917,1232,1229,1076,2,1750265728
918,1232,742,1158,18,1750265728
919,1233,742,1158,13,1750265728
920,1233,931,1158,14,1750265728
921,1233,1105,1161,5,1750265728
922,1234,1239,1160,62,1750265728
923,1234,1240,1160,11,1750265728
924,1217,1241,1012,35,1750265728
925,1235,1241,1006,50,1750265728
926,1242,1245,1124,42,1750265729
927,1242,1249,1124,16,1750265729
928,1248,1249,1041,21,1750265729
929,1235,1249,1006,12,1750265729
930,1227,1254,904,14,1750265729
931,1203,1254,895,11,1750265729
932,1203,1259,895,37,1750265729
933,1176,1259,891,36,1750265729
934,1247,1259,878,19,1750265729
935,1200,1259,866,5,1750265729
936,1262,1261,943,57,1750265730
937,1262,1249,998,27,1750265730
938,1262,1256,1010,3,1750265730
939,1200,1263,866,41,1750265730
940,1136,1263,865,22,1750265730
941,1265,1264,886,54,1750265730
942,1265,1256,1010,21,1750265730
943,1266,1256,1010,31,1750265730
944,1266,1251,1051,29,1750265730
945,1266,1253,1091,17,1750265730
946,1267,1253,1091,12,1750265730
947,1273,1253,1091,54,1750265730
948,1272,1274,1030,19,1750265730
949,1272,1275,1030,14,1750265730
950,1277,1253,1091,4,1750265730
951,1277,1270,1114,14,1750265730
952,1272,1280,1030,33,1750265730
953,1272,1281,1030,7,1750265730
954,1268,1283,959,31,1750265731
955,1271,1283,926,5,1750265731
956,1271,1287,926,13,1750265731
957,1290,1281,1016,13,1750265731
958,1290,1270,1114,20,1750265731
959,1291,1270,1114,29,1750265731
960,1294,1295,1053,74,1750265731
961,1288,1295,943,15,1750265731
962,1296,1293,1057,69,1750265731
963,1303,1299,999,21,1750265732
964,1303,1293,1057,16,1750265732
965,1303,1292,1083,31,1750265732
966,1308,1306,978,74,1750265732
967,1309,1306,978,17,1750265732
968,1309,1292,1083,7,1750265732
969,1309,1300,1102,50,1750265732
970,1309,1270,1114,3,1750265732
971,1309,1255,1123,12,1750265732
972,1311,1310,1079,36,1750265732
973,1312,1310,1079,20,1750265732
974,1312,1255,1123,6,1750265732
975,1288,1313,943,81,1750265732
976,1314,1313,942,6,1750265732
977,1314,1255,1123,4,1750265732
978,1314,1315,1151,55,1750265732
979,1314,1316,1151,11,1750265733
980,1271,1316,926,21,1750265733
981,1286,1316,916,57,1750265733
982,1286,1319,916,5,1750265733
983,1285,1319,905,14,1750265733
984,1318,1319,904,14,1750265733
985,1318,1320,904,33,1750265733
986,1318,1321,904,44,1750265733
987,1279,1321,890,12,1750265733
988,1298,1321,883,26,1750265733
989,1289,1321,867,3,1750265733
990,1324,1317,1048,67,1750265733
991,1325,1317,1048,19,1750265733
992,1326,1240,1152,22,1750265733
993,1328,1240,1152,34,1750265733
994,1328,1329,1154,8,1750265733
995,1325,1329,1104,28,1750265733
996,1323,1329,1047,28,1750265733
997,1323,1333,1047,65,1750265733
998,1336,1335,1082,23,1750265734
999,1323,1344,1047,6,1750265734
1000,1332,1344,1016,13,1750265734
1001,1345,1347,1021,33,1750265734
1002,1332,1347,1016,18,1750265734
1003,1350,1351,1068,84,1750265735
1004,1332,1352,1016,32,1750265735
1005,1354,1351,1017,16,1750265735
1006,1354,1335,1082,3,1750265735
1007,1355,1356,1028,44,1750265735
1008,1332,1356,1016,5,1750265735
1009,1327,1356,982,19,1750265735
1010,1330,1356,970,25,1750265735
1011,1358,1359,1071,91,1750265735
1012,1360,1335,1082,38,1750265735
1013,1360,1357,1092,2,1750265735
1014,1361,1357,1092,40,1750265735
1015,1363,1364,1085,54,1750265735
1016,1358,1364,1071,8,1750265735
1017,1358,1369,1071,1,1750265736
1018,1330,1369,970,21,1750265736
1019,1370,1371,1025,24,1750265736
1020,1372,1362,1091,57,1750265736
1021,1370,1375,1025,2,1750265736
1022,1330,1375,970,31,1750265736
1023,1346,1375,965,41,1750265736
1024,1376,1362,1091,28,1750265736
1025,1376,1357,1092,12,1750265736
1026,1376,1341,1128,3,1750265736
1027,1377,1379,1119,14,1750265736
1028,1382,1341,1128,43,1750265736
1029,1382,1374,1148,48,1750265736
1030,1377,1383,1119,68,1750265737
1031,1380,1383,1050,7,1750265737
1032,1380,1384,1050,29,1750265737
1033,1385,1374,1148,17,1750265737
1034,1386,1387,1096,69,1750265737
1035,1380,1387,1050,15,1750265737
1036,1381,1387,966,5,1750265737
1037,1389,1374,1148,17,1750265737
1038,1389,1105,1161,10,1750265737
1039,1388,1391,1093,43,1750265737
1040,1388,1392,1093,8,1750265737
1041,1381,1392,966,20,1750265737
1042,1346,1392,965,30,1750265737
1043,1378,1392,955,4,1750265737
1044,1378,1393,955,12,1750265737
1045,1378,1394,955,58,1750265737
1046,1396,1394,928,33,1750265737
1047,1398,1105,1161,36,1750265737
1048,1398,868,1162,19,1750265737
1049,1399,1401,1001,23,1750265737
1050,1402,1400,1019,12,1750265737
1051,1403,1400,1019,71,1750265737
1052,1403,1405,1150,11,1750265738
1053,1399,1405,1001,9,1750265738
1054,1399,1406,1001,43,1750265738
1055,1399,1407,1001,15,1750265738
1056,1396,1407,981,43,1750265738
1057,1368,1407,911,24,1750265738
1058,1408,868,1162,7,1750265738
1059,1408,1340,1162,66,1750265738
1060,1411,1414,945,28,1750265738
1061,1411,1415,945,11,1750265738
1062,1416,1417,959,70,1750265738
1063,1411,1417,945,12,1750265738
1064,1368,1417,911,10,1750265738
1065,1420,1412,971,19,1750265738
1066,1422,1412,971,4,1750265738
1067,1422,1421,987,36,1750265738
1068,1422,1418,1006,24,1750265738
1069,1424,1418,1006,55,1750265738
1070,1368,1428,911,28,1750265739
1071,1397,1428,906,14,1750265739
1072,1397,1429,906,68,1750265739
1073,1397,1431,906,4,1750265739
1074,1419,1431,891,33,1750265739
1075,1373,1431,881,11,1750265739
1076,1289,1431,867,12,1750265739
1077,1433,1436,913,54,1750265739
1078,1432,1436,898,23,1750265739
1079,1437,1434,975,30,1750265739
1080,1439,1434,975,34,1750265740
1081,1432,1444,898,77,1750265740
1082,1443,1444,880,14,1750265740
1083,1445,1434,975,3,1750265740
1084,1445,1425,1002,38,1750265740
1085,1445,1418,1006,1,1750265740
1086,1445,1440,1045,12,1750265740
1087,1445,1426,1061,15,1750265740
1088,1449,1447,984,48,1750265740
1089,1446,1450,936,16,1750265740
1090,1453,1447,984,38,1750265740
1091,1452,1454,966,17,1750265740
1092,1452,1455,966,45,1750265740
1093,1456,1455,952,11,1750265740
1094,1456,1451,987,44,1750265740
1095,1456,1426,1061,9,1750265740
1096,1457,1426,1061,25,1750265741
1097,1457,1410,1106,26,1750265741
1098,1446,1458,936,58,1750265741
1099,1446,1461,936,26,1750265741
1100,1443,1462,880,7,1750265741
1101,1459,1462,873,15,1750265741
1102,1289,1462,867,18,1750265741
1103,1136,1462,865,50,1750265741
1104,1464,1461,897,28,1750265741
1105,1464,1410,1106,23,1750265741
1106,1465,1466,1015,19,1750265741
1107,1468,1410,1106,39,1750265741
1108,1468,1441,1124,52,1750265741
1109,1469,1441,1124,45,1750265741
1110,1469,1430,1127,6,1750265741
1111,1471,1430,1127,82,1750265741
1112,1467,1473,982,87,1750265741
1113,1467,1475,982,10,1750265742
1114,1472,1475,966,55,1750265742
1115,1463,1475,867,4,1750265742
1116,1463,1477,867,63,1750265742
1117,1136,1477,865,6,1750265742
1118,1072,1477,864,10,1750265742
1119,1072,1478,864,34,1750265742
1120,1305,1478,864,34,1750265742
1121,1480,1479,882,41,1750265742
1122,1305,1481,864,3,1750265742
1123,828,1481,863,11,1750265742
1124,1482,1479,882,7,1750265742
1125,1482,1474,1041,43,1750265742
1126,1483,1474,1041,43,1750265742
1127,1483,1476,1084,23,1750265742
1128,1485,1476,1084,54,1750265742
1129,1486,1476,1084,11,1750265742
1130,1487,1430,1127,1,1750265742
1131,1487,1448,1127,46,1750265742
1132,1487,1340,1162,4,1750265742
1133,1489,1340,1162,8,1750265742
1134,1489,1491,1163,68,1750265742
1135,1486,1491,1118,10,1750265742
1136,1492,1209,1164,38,1750265742
1137,1486,1496,1118,47,1750265743
1138,1494,1496,1102,48,1750265743
1139,1494,1497,1102,1,1750265743
1140,1488,1497,1082,57,1750265743
1141,1498,1209,1164,15,1750265743
1142,1488,1501,1082,9,1750265743
1143,1493,1501,1004,36,1750265743
1144,1499,1501,1004,42,1750265743
1145,1499,1503,1004,19,1750265743
1146,1505,1502,1050,23,1750265743
1147,1499,1507,1004,14,1750265743
1148,1512,1509,1038,16,1750265743
1149,1512,1502,1050,5,1750265743
1150,1512,1511,1050,30,1750265743
1151,1512,1500,1110,25,1750265743
1152,1513,1500,1110,18,1750265743
1153,1515,1500,1110,6,1750265743
1154,1515,1209,1164,5,1750265743
1155,1515,1301,1165,18,1750265743
1156,1516,1301,1165,21,1750265743
1157,1499,1518,1004,5,1750265744
1158,1508,1518,1003,34,1750265744
1159,1508,1521,1003,51,1750265744
1160,1495,1521,999,18,1750265744
1161,1522,1520,1154,41,1750265744
1162,1526,1524,1084,84,1750265744
1163,1526,1520,1154,15,1750265744
1164,1523,1529,1005,12,1750265744
1165,1495,1529,999,24,1750265744
1166,1536,1533,1011,12,1750265745
1167,1537,1533,1011,58,1750265745
1168,1495,1540,999,3,1750265745
1169,1519,1540,940,51,1750265745
1170,1530,1540,898,6,1750265745
1171,1542,1533,1011,27,1750265745
1172,1542,1528,1054,27,1750265745
1173,1542,1539,1064,36,1750265745
1174,1542,1531,1104,4,1750265745
1175,1541,1543,968,88,1750265745
1176,1547,1531,1104,19,1750265745
1177,1545,1549,1019,54,1750265745
1178,1541,1549,968,2,1750265745
1179,1550,1534,1125,32,1750265745
1180,1551,1520,1154,14,1750265745
1181,1551,1525,1154,51,1750265745
1182,1551,1301,1165,2,1750265745
1183,1551,782,1166,27,1750265745
1184,1550,1552,1143,14,1750265745
1185,1553,782,1166,27,1750265745
1186,1550,1554,1143,6,1750265745
1187,1556,1554,1095,21,1750265746
1188,1556,1555,1132,7,1750265746
1189,1541,1558,968,7,1750265746
1190,1530,1562,898,29,1750265746
1191,1517,1562,886,16,1750265746
1192,1510,1562,885,13,1750265746
1193,1514,1562,885,17,1750265746
1194,1563,1558,941,10,1750265746
1195,1563,1560,949,34,1750265746
1196,1563,1557,1060,52,1750265746
1197,1564,1557,1060,13,1750265746
1198,1564,1555,1132,14,1750265746
1199,1564,782,1166,16,1750265746
1200,1564,771,1167,33,1750265746
1201,1514,1565,885,42,1750265746
1202,1567,1568,955,14,1750265746
1203,1571,1568,907,49,1750265746
1204,1571,1569,950,42,1750265746
1205,1514,1573,885,38,1750265746
1206,1574,1569,950,50,1750265746
1207,1574,1572,957,18,1750265746
1208,1574,1566,1097,3,1750265746
1209,1579,1566,1097,20,1750265747
1210,1575,1580,959,27,1750265747
1211,1575,1584,959,15,1750265747
1212,1583,1584,945,29,1750265747
1213,1588,1586,1080,30,1750265747
1214,1583,1589,945,4,1750265747
1215,1582,1589,933,61,1750265747
1216,1591,1586,1080,55,1750265747
1217,1591,1566,1097,4,1750265747
1218,1582,1592,933,2,1750265747
1219,1578,1592,909,45,1750265747
1220,1590,1592,898,26,1750265747
1221,1595,1566,1097,38,1750265747
1222,1596,1566,1097,26,1750265747
1223,1596,1576,1132,19,1750265747
1224,1594,1597,1089,67,1750265747
1225,1593,1597,951,27,1750265747
1226,1593,1598,951,25,1750265747
1227,1599,1601,1059,55,1750265748
1228,1599,1603,1059,18,1750265748
1229,1593,1603,951,27,1750265748
1230,1600,1603,947,9,1750265748
1231,1604,1576,1132,2,1750265748
1232,1605,771,1167,12,1750265748
1233,1604,1607,1134,76,1750265748
1234,1609,1608,1147,50,1750265748
1235,1604,1610,1134,1,1750265748
1236,1606,1610,1099,76,1750265748
1237,1600,1610,947,1,1750265748
1238,1600,1611,947,50,1750265748
1239,1590,1611,898,11,1750265749
1240,1613,1614,1074,52,1750265749
1241,1618,1615,1118,27,1750265749
1242,1618,1608,1147,27,1750265749
1243,1613,1619,1074,22,1750265749
1244,1590,1620,898,30,1750265749
1245,1617,1620,874,34,1750265749
1246,1559,1620,867,11,1750265749
1247,1559,1622,867,37,1750265749
1248,1581,1622,865,32,1750265749
1249,1625,1619,966,17,1750265749
1250,1625,1623,1047,22,1750265749
1251,1629,1626,1094,66,1750265750
1252,1629,1608,1147,14,1750265750
1253,1630,771,1167,46,1750265750
1254,1630,1071,1167,19,1750265750
1255,1629,1631,1147,9,1750265750
1256,1625,1631,1079,20,1750265750
1257,1634,1071,1167,33,1750265750
1258,1636,1071,1167,6,1750265750
1259,1636,600,1170,24,1750265750
1260,1625,1637,1079,38,1750265750
1261,1628,1637,1063,1,1750265750
1262,1628,1639,1063,63,1750265750
1263,1645,1638,1118,80,1750265750
1264,1628,1648,1063,17,1750265750
1265,1649,1638,1118,13,1750265750
1266,1649,1647,1162,60,1750265750
1267,1628,1651,1063,14,1750265750
1268,1635,1651,995,13,1750265750
1269,1658,1653,1111,27,1750265751
1270,1660,1653,1111,50,1750265751
1271,1659,1662,1036,84,1750265751
1272,1659,1663,1036,14,1750265751
1273,1635,1663,995,64,1750265751
1274,1635,1665,995,21,1750265751
1275,1666,1665,981,30,1750265751
1276,1666,1667,1039,26,1750265751
1277,1668,1667,956,30,1750265751
1278,1640,1670,952,56,1750265752
1279,1624,1670,950,13,1750265752
1280,1632,1670,925,31,1750265752
1281,1673,1667,956,5,1750265752
1282,1676,1653,1111,11,1750265752
1283,1673,1677,963,55,1750265752
1284,1673,1687,963,13,1750265752
1285,1673,1689,963,25,1750265752
1286,1632,1689,925,7,1750265752
1287,1646,1689,918,18,1750265752
1288,1661,1689,901,12,1750265752
1289,1695,1693,985,59,1750265753
1290,1696,1693,985,26,1750265753
1291,1694,1697,950,49,1750265753
1292,1694,1698,950,25,1750265753
1293,1661,1698,901,48,1750265753
1294,1700,1699,975,59,1750265753
1295,1700,1693,985,5,1750265753
1296,1700,1683,1003,27,1750265753
1297,1703,1683,1003,31,1750265753
1298,1704,1679,1042,27,1750265753
1299,1704,1690,1068,58,1750265753
1300,1703,1706,1039,11,1750265753
1301,1707,1690,1068,8,1750265754
1302,1707,1691,1074,7,1750265754
1303,1708,1691,1074,84,1750265754
1304,1708,1678,1104,8,1750265754
1305,1709,1678,1104,59,1750265754
1306,1703,1712,1039,20,1750265754
1307,1715,1712,921,10,1750265754
1308,1715,1678,1104,15,1750265754
1309,1715,1675,1111,65,1750265754
1310,1719,1675,1111,4,1750265754
1311,1719,1664,1118,25,1750265754
1312,1661,1720,901,6,1750265754
1313,1681,1720,901,33,1750265754
1314,1725,1721,1012,16,1750265755
1315,1725,1664,1118,38,1750265755
1316,1725,1727,1123,11,1750265755
1317,1726,1727,1095,32,1750265755
1318,1729,1688,1124,18,1750265755
1319,1729,1682,1147,76,1750265755
1320,1726,1732,1095,15,1750265755
1321,1681,1732,901,27,1750265755
1322,1705,1732,894,14,1750265755
1323,1716,1732,887,1,1750265755
1324,1716,1733,887,94,1750265755
1325,1633,1733,882,1,1750265755
1326,1735,1682,1147,11,1750265755
1327,1735,1652,1150,13,1750265755
1328,1735,1680,1150,57,1750265755
1329,1736,1737,1048,20,1750265755
1330,1734,1737,924,9,1750265755
1331,1734,1738,924,37,1750265755
1332,1633,1738,882,23,1750265755
1333,1739,1680,1150,27,1750265755
1334,1739,1647,1162,2,1750265755
1335,1740,1743,934,11,1750265755
1336,1744,1746,958,76,1750265755
1337,1744,1749,958,22,1750265756
1338,1740,1749,934,2,1750265756
1339,1633,1749,882,57,1750265756
1340,1730,1749,882,2,1750265756
1341,1730,1751,882,44,1750265756
1342,1671,1751,880,20,1750265756
1343,1752,1750,894,48,1750265756
1344,1671,1754,880,11,1750265756
1345,1671,1757,880,25,1750265756
1346,1713,1757,868,57,1750265756
1347,1758,1750,894,29,1750265756
1348,1758,1753,932,17,1750265756
1349,1760,1753,932,21,1750265756
1350,1760,1759,1063,58,1750265756
1351,1764,1763,1035,85,1750265756
1352,1761,1767,894,53,1750265757
1353,1768,1767,888,19,1750265757
1354,1768,1763,1035,1,1750265757
1355,1768,1765,1053,69,1750265757
1356,1770,1765,1053,20,1750265757
1357,1770,1759,1063,25,1750265757
1358,1771,1772,1045,61,1750265757
1359,1776,1772,985,26,1750265757
1360,1783,1782,1061,70,1750265757
1361,1783,1759,1063,3,1750265757
1362,1776,1784,1054,1,1750265757
1363,1778,1784,1022,15,1750265757
1364,1786,1785,915,23,1750265757
1365,1786,1784,1020,6,1750265757
1366,1786,1759,1063,1,1750265757
1367,1781,1787,889,26,1750265757
1368,1788,1759,1063,10,1750265757
1369,1788,1747,1066,8,1750265757
1370,1781,1789,889,17,1750265758
1371,1791,1747,1066,4,1750265758
1372,1791,1777,1102,60,1750265758
1373,1781,1792,889,44,1750265758
1374,1793,1792,876,30,1750265758
1375,1793,1777,1102,37,1750265758
1376,1794,1777,1102,3,1750265758
1377,1794,1647,1162,17,1750265758
1378,1794,1674,1168,65,1750265758
1379,1794,600,1170,8,1750265758
1380,1797,600,1170,17,1750265758
1381,1797,943,1170,30,1750265758
1382,1799,1800,1140,58,1750265759
1383,1799,1801,1140,31,1750265759
1384,1799,1803,1140,6,1750265759
1385,1802,1803,1013,76,1750265759
1386,1806,943,1170,36,1750265759
1387,1806,981,1170,60,1750265759
1388,1805,1807,1121,64,1750265759
1389,1805,1810,1121,33,1750265759
1390,1795,1810,901,19,1750265759
1391,1813,1810,895,23,1750265759
1392,1813,1812,902,57,1750265759
1393,1817,1812,902,15,1750265759
1394,1817,1816,1008,23,1750265759
1395,1819,1820,995,39,1750265760
1396,1819,1823,995,19,1750265760
1397,1822,1827,980,12,1750265760
1398,1829,1823,993,25,1750265760
1399,1830,1823,993,10,1750265760
1400,1830,1818,1003,28,1750265760
1401,1822,1831,980,1,1750265760
1402,1824,1831,975,40,1750265760
1403,1821,1831,968,4,1750265760
1404,1832,1818,1003,43,1750265760
1405,1832,1816,1008,30,1750265760
1406,1834,1816,1008,26,1750265760
1407,1834,1826,1031,18,1750265760
1408,1835,1837,996,12,1750265760
1409,1821,1837,968,58,1750265760
1410,1838,1826,1031,5,1750265760
1411,1838,1815,1107,8,1750265760
1412,1821,1840,968,37,1750265760
1413,1713,1840,868,6,1750265760
1414,1841,1815,1107,32,1750265760
1415,1841,1839,1109,64,1750265760
1416,1842,1843,972,65,1750265761
1417,1846,1849,1105,43,1750265761
1418,1848,1849,1066,55,1750265761
1419,1848,1850,1066,13,1750265761
1420,1847,1850,1004,54,1750265761
1421,1842,1850,972,7,1750265761
1422,1842,1852,972,13,1750265761
1423,1853,1852,957,48,1750265761
1424,1856,1855,894,52,1750265761
1425,1857,1852,957,24,1750265761
1426,1858,1852,957,9,1750265761
1427,1858,1839,1109,31,1750265761
1428,1858,1844,1115,23,1750265761
1429,1861,1844,1115,25,1750265762
1430,1863,1844,1115,42,1750265762
1431,1863,1860,1120,9,1750265762
1432,1856,1865,929,20,1750265762
1433,1864,1865,883,5,1750265762
1434,1873,1867,959,20,1750265762
1435,1878,1867,959,14,1750265763
1436,1878,1874,994,6,1750265763
1437,1879,1874,994,38,1750265763
1438,1879,1869,999,29,1750265763
1439,1882,1869,999,19,1750265763
1440,1882,1871,1045,62,1750265763
1441,1883,1871,1045,24,1750265763
1442,1883,1884,1061,13,1750265763
1443,1881,1884,894,50,1750265763
1444,1885,1877,1088,65,1750265763
1445,1894,1877,1088,16,1750265763
1446,1894,1889,1108,21,1750265763
1447,1894,1860,1120,15,1750265763
1448,1892,1895,1025,18,1750265763
1449,1887,1895,1013,19,1750265763
1450,1897,1898,1066,28,1750265764
1451,1897,1900,1066,48,1750265764
1452,1887,1900,1013,4,1750265764
1453,1891,1900,915,15,1750265764
1454,1902,1901,1093,58,1750265764
1455,1907,1901,1093,11,1750265764
1456,1907,1860,1120,12,1750265764
1457,1906,1908,1048,23,1750265764
1458,1906,1909,1048,50,1750265764
1459,1906,1910,1048,23,1750265764
1460,1905,1910,999,33,1750265764
1461,1905,1911,999,4,1750265764
1462,1891,1911,915,28,1750265764
1463,1891,1913,915,4,1750265764
1464,1896,1913,904,27,1750265764
1465,1903,1913,899,35,1750265764
1466,1914,1860,1120,34,1750265765
1467,1914,1811,1125,10,1750265765
1468,1914,1809,1134,22,1750265765
1469,1918,1809,1134,22,1750265765
1470,1919,1809,1134,1,1750265765
1471,1919,1854,1155,79,1750265765
1472,1919,1845,1161,9,1750265765
1473,1917,1921,1082,16,1750265765
1474,1923,1845,1161,33,1750265765
1475,1923,981,1170,24,1750265765
1476,1923,1097,1170,38,1750265765
1477,1922,1924,1153,78,1750265765
1478,1927,1097,1170,34,1750265765
1479,1927,1339,1171,23,1750265765
1480,1927,822,1172,27,1750265765
1481,1931,822,1172,48,1750265765
1482,1922,1933,1153,22,1750265765
1483,1926,1933,1121,70,1750265765
1484,1926,1934,1121,6,1750265766
1485,1936,1934,1097,14,1750265766
1486,1936,822,1172,8,1750265766
1487,1936,682,1173,14,1750265766
1488,1917,1937,1082,52,1750265766
1489,1917,1938,1082,31,1750265766
1490,1916,1938,1069,4,1750265766
1491,1916,1940,1069,48,1750265766
1492,1929,1940,1043,25,1750265766
1493,1932,1940,948,23,1750265766
1494,1932,1941,948,1,1750265766
1495,1925,1941,926,11,1750265766
1496,1920,1941,907,68,1750265766
1497,1945,1944,927,28,1750265766
1498,1947,1944,927,50,1750265766
1499,1947,1943,1118,19,1750265766
1500,1947,682,1173,25,1750265766
1501,1920,1948,907,18,1750265766
1502,1903,1948,899,13,1750265766
1503,1881,1948,894,3,1750265766
1504,1876,1948,888,37,1750265766
1505,1951,682,1173,31,1750265766
1506,1951,762,1173,58,1750265766
1507,1949,1952,1046,29,1750265766
1508,1949,1953,1046,7,1750265766
1509,1876,1953,888,1,1750265766
1510,1955,1953,886,4,1750265767
1511,1955,762,1173,22,1750265767
1512,1864,1957,883,17,1750265767
1513,1958,1956,899,13,1750265767
1514,1961,1956,899,62,1750265767
1515,1961,1959,907,1,1750265767
1516,1962,1959,907,84,1750265767
1517,1963,762,1173,6,1750265767
1518,1963,1044,1173,46,1750265767
1519,1963,1395,1174,33,1750265767
1520,1962,1964,980,1,1750265767
1521,1960,1964,898,37,1750265767
1522,1864,1964,883,37,1750265767
1523,1904,1964,881,21,1750265767
1524,1965,1966,1036,76,1750265767
1525,1965,1970,1036,13,1750265768
1526,1969,1971,991,69,1750265768
1527,1975,1971,905,16,1750265768
1528,1975,1970,1003,10,1750265768
1529,1975,1973,1067,14,1750265768
1530,1972,1977,884,34,1750265768
1531,1979,1976,932,13,1750265768
1532,1979,1973,1067,26,1750265768
1533,1980,1973,1067,41,1750265768
1534,1980,1968,1115,33,1750265768
1535,1983,1981,921,32,1750265768
1536,1987,1988,1110,51,1750265769
1537,1987,1991,1110,27,1750265769
1538,1983,1991,949,30,1750265769
1539,1983,1992,949,30,1750265769
1540,1989,1992,913,25,1750265769
1541,1995,1996,959,15,1750265769
1542,1997,1998,1059,74,1750265769
1543,1995,1998,959,19,1750265769
1544,2002,1985,1112,13,1750265769
1545,2002,1968,1115,7,1750265769
1546,2002,1978,1118,72,1750265769
1547,2004,2005,1109,29,1750265769
1548,2003,2005,1026,22,1750265769
1549,2006,2008,1054,10,1750265770
1550,2003,2008,1026,4,1750265770
1551,2009,1978,1118,25,1750265770
1552,2009,1974,1155,11,1750265770
1553,2009,1395,1174,2,1750265770
1554,2010,2011,1148,29,1750265770
1555,2015,1395,1174,34,1750265770
1556,2015,1833,1175,40,1750265770
1557,2010,2017,1148,6,1750265770
1558,2016,2017,1049,42,1750265770
1559,2003,2017,1026,7,1750265770
1560,1995,2017,959,16,1750265770
1561,2018,1833,1175,54,1750265770
1562,2018,457,1176,13,1750265770
1563,2018,1024,1176,8,1750265770
1564,1995,2019,959,31,1750265770
1565,1994,2019,944,27,1750265770
1566,2021,1024,1176,40,1750265770
1567,2021,1195,1176,4,1750265771
1568,2022,2023,1013,54,1750265771
1569,2022,2026,1013,35,1750265771
1570,2022,2027,1013,1,1750265771
1571,2030,2027,979,71,1750265771
1572,2030,2024,1080,17,1750265771
1573,2035,2024,1080,76,1750265771
1574,2039,2024,1080,1,1750265771
1575,2039,2038,1102,32,1750265771
1576,1994,2044,944,62,1750265772
1577,2000,2044,934,24,1750265772
1578,1989,2044,913,12,1750265772
1579,2045,2043,959,18,1750265772
1580,2046,2040,1094,68,1750265772
1581,2047,2040,1094,15,1750265772
1582,2047,2038,1102,28,1750265772
1583,2047,2031,1117,10,1750265772
1584,2048,2031,1117,38,1750265772
1585,2050,2031,1117,16,1750265772
1586,2050,2051,1120,81,1750265772
1587,2045,2051,1047,5,1750265772
1588,2045,2052,1047,23,1750265772
1589,1989,2052,913,26,1750265772
1590,1989,2054,913,17,1750265772
1591,2049,2054,904,6,1750265772
1592,2061,2064,1029,22,1750265773
1593,2055,2064,1013,21,1750265773
1594,2059,2064,988,36,1750265773
1595,2059,2065,988,4,1750265773
1596,2060,2065,913,44,1750265773
1597,2049,2065,904,32,1750265773
1598,2073,2070,992,20,1750265774
1599,2069,2075,953,88,1750265774
1600,2074,2076,928,47,1750265774
1601,2074,2077,928,29,1750265774
1602,2049,2077,904,27,1750265774
1603,2078,2077,893,18,1750265774
1604,2078,2075,949,1,1750265774
1605,2078,2070,992,21,1750265774
1606,2078,2066,998,52,1750265774
1607,2081,2079,987,59,1750265774
1608,2081,2066,998,19,1750265774
1609,2080,2082,960,40,1750265774
1610,1972,2082,884,3,1750265774
1611,1972,2085,884,1,1750265774
1612,1904,2085,881,18,1750265774
1613,1950,2085,873,31,1750265774
1614,2086,2066,998,8,1750265774
1615,2086,2062,1081,76,1750265774
1616,2087,2062,1081,12,1750265774
1617,2087,2056,1094,23,1750265774
1618,2087,2029,1123,36,1750265774
1619,1950,2092,873,10,1750265774
1620,2094,2089,1109,53,1750265775
1621,2096,2089,1109,40,1750265775
1622,2096,2090,1110,4,1750265775
1623,1859,2099,870,19,1750265775
1624,1954,2099,870,16,1750265775
1625,2102,2100,887,15,1750265775
1626,2104,2100,887,50,1750265775
1627,2104,2101,1040,34,1750265775
1628,1954,2105,870,16,1750265776
1629,2058,2105,869,36,1750265776
1630,1713,2105,868,16,1750265776
1631,1581,2105,865,26,1750265776
1632,2107,2101,1040,61,1750265776
1633,2109,2110,944,10,1750265776
1634,1581,2110,865,15,1750265776
1635,1702,2110,865,27,1750265776
1636,2112,2111,1035,56,1750265776
1637,2119,2117,969,12,1750265776
1638,1702,2122,865,13,1750265776
1639,828,2122,863,3,1750265776
1640,1728,2122,863,11,1750265776
1641,1728,2123,863,44,1750265776
1642,1912,2123,863,19,1750265776
1643,2125,2121,960,28,1750265776
1644,2125,2117,969,40,1750265776
1645,2128,2117,969,12,1750265777
1646,2128,2127,993,49,1750265777
1647,2133,2127,993,47,1750265777
1648,2133,2120,1023,33,1750265777
1649,2133,2111,1035,1,1750265777
1650,2134,2111,1035,7,1750265777
1651,2134,2101,1040,4,1750265777
1652,2134,2114,1068,68,1750265777
1653,2136,2113,1104,23,1750265777
1654,2140,2113,1104,21,1750265778
1655,2140,2090,1110,45,1750265778
1656,2142,2090,1110,18,1750265778
1657,2142,2093,1119,23,1750265778
1658,2142,2029,1123,22,1750265778
1659,2142,2053,1135,13,1750265778
1660,2134,2144,1082,16,1750265778
1661,2137,2144,1072,26,1750265778
1662,2137,2146,1072,48,1750265778
1663,2139,2146,1010,13,1750265778
1664,2147,2148,1043,14,1750265778
1665,2147,2149,1043,14,1750265778
1666,2147,2150,1043,2,1750265779
1667,2139,2150,1010,55,1750265779
1668,2145,2150,1007,8,1750265779
1669,2156,2159,1027,23,1750265779
1670,2154,2159,1019,21,1750265779
1671,2160,2152,1070,34,1750265779
1672,2154,2161,1019,71,1750265779
1673,2162,2152,1070,4,1750265780
1674,2162,2143,1112,8,1750265780
1675,2163,2143,1112,42,1750265780
1676,2163,2053,1135,19,1750265780
1677,2166,2053,1135,15,1750265780
1678,2166,2151,1140,14,1750265780
1679,2167,2151,1140,64,1750265780
1680,2168,2151,1140,15,1750265780
1681,2168,2028,1142,9,1750265780
1682,2169,2028,1142,2,1750265780
1683,2169,2071,1157,26,1750265780
1684,2171,2170,1049,29,1750265780
1685,2172,2071,1157,11,1750265780
1686,2172,2084,1161,8,1750265780
1687,2171,2173,1091,23,1750265780
1688,2171,2174,1091,10,1750265780
1689,2154,2174,1019,7,1750265780
1690,2145,2174,1007,21,1750265780
1691,2175,2084,1161,33,1750265780
1692,2178,2176,1032,29,1750265780
1693,2179,2176,1032,31,1750265780
1694,2179,2177,1055,36,1750265780
1695,2180,2177,1055,63,1750265780
1696,2180,2190,1058,21,1750265781
1697,2184,2190,1039,39,1750265781
1698,2184,2193,1039,17,1750265781
1699,2184,2194,1039,13,1750265781
1700,2145,2194,1007,62,1750265781
1701,2145,2197,1007,5,1750265781
1702,2165,2197,981,56,1750265781
1703,2129,2197,967,38,1750265781
1704,2198,2195,1010,59,1750265781
1705,2198,2183,1068,4,1750265781
1706,2129,2199,967,54,1750265781
1707,2189,2199,962,36,1750265781
1708,2201,2200,1023,21,1750265781
1709,2203,2202,1016,27,1750265781
1710,2189,2204,962,21,1750265781
1711,2206,2202,1016,23,1750265781
1712,2206,2200,1023,5,1750265781
1713,2189,2208,962,2,1750265782
1714,2196,2208,953,11,1750265782
1715,2209,2200,1023,55,1750265782
1716,2209,2205,1059,15,1750265782
1717,2212,2205,1059,16,1750265782
1718,2212,2183,1068,42,1750265782
1719,2213,2183,1068,26,1750265782
1720,2215,2183,1068,10,1750265782
1721,2215,2187,1070,49,1750265782
1722,2215,2191,1102,15,1750265782
1723,2217,2216,1034,91,1750265782
1724,2218,2216,1034,9,1750265782
1725,2218,2221,1085,29,1750265783
1726,2214,2221,1013,10,1750265783
1727,2214,2223,1013,7,1750265783
1728,2196,2223,953,32,1750265783
1729,2224,2225,1100,18,1750265783
1730,2224,2227,1100,77,1750265783
1731,2196,2229,953,6,1750265783
1732,2130,2229,948,60,1750265783
1733,2219,2229,948,23,1750265783
1734,2233,2231,963,85,1750265783
1735,2236,2231,963,12,1750265783
1736,2236,2238,990,17,1750265783
1737,2219,2238,948,44,1750265783
1738,2239,2227,1031,15,1750265783
1739,2239,2191,1102,37,1750265783
1740,2241,2240,1068,20,1750265783
1741,2242,2240,1068,30,1750265784
1742,2243,2240,1068,42,1750265784
1743,2243,2191,1102,25,1750265784
1744,2243,2235,1120,29,1750265784
1745,2219,2247,948,24,1750265784
1746,2157,2247,900,63,1750265784
1747,2249,2244,975,62,1750265784
1748,2249,2235,1120,35,1750265784
1749,2248,2250,947,37,1750265784
1750,2157,2250,900,9,1750265784
1751,2252,2253,999,26,1750265784
1752,2254,2253,974,3,1750265784
1753,2254,2235,1120,9,1750265784
1754,2254,2226,1144,56,1750265784
1755,2254,2084,1161,18,1750265784
1756,2256,2255,1086,16,1750265784
1757,2256,2118,1165,17,1750265784
1758,2257,2118,1165,13,1750265785
1759,2157,2259,900,23,1750265785
1760,2131,2259,892,38,1750265785
1761,2260,2261,1118,49,1750265785
1762,2263,2118,1165,14,1750265785
1763,2263,2220,1166,13,1750265785
1764,2264,2220,1166,59,1750265785
1765,2264,2153,1167,41,1750265785
1766,2266,2153,1167,34,1750265785
1767,2266,1195,1176,7,1750265785
1768,2266,448,1177,47,1750265785
1769,2267,2269,1160,51,1750265785
1770,2260,2269,1118,45,1750265785
1771,2270,448,1177,25,1750265785
1772,2270,607,1177,24,1750265785
1773,2270,1090,1179,28,1750265785
1774,2260,2271,1118,6,1750265785
1775,2273,2271,1118,38,1750265785
1776,2273,1090,1179,42,1750265785
1777,2265,2275,1074,41,1750265785
1778,2276,1090,1179,16,1750265786
1779,2276,1692,1179,23,1750265786
1780,2276,583,1180,20,1750265786
1781,2265,2278,1074,18,1750265786
1782,2274,2278,977,82,1750265786
1783,2274,2281,977,18,1750265786
1784,2283,2281,963,59,1750265786
1785,2283,2279,1093,32,1750265786
1786,2284,2289,1090,56,1750265787
1787,2284,2290,1090,9,1750265787
1788,2291,2290,1019,55,1750265787
1789,2280,2293,945,90,1750265787
1790,2294,2290,1019,13,1750265787
1791,2294,2279,1093,28,1750265787
1792,2294,2286,1176,43,1750265787
1793,2280,2295,945,1,1750265787
1794,2285,2295,939,21,1750265787
1795,2285,2297,939,44,1750265787
1796,2296,2297,924,10,1750265787
1797,2277,2297,915,46,1750265787
1798,2301,2299,1086,21,1750265787
1799,2277,2302,915,12,1750265787
1800,2303,2302,894,20,1750265787
1801,2305,2302,894,19,1750265787
1802,2306,2299,1086,31,1750265787
1803,2308,2299,1086,33,1750265787
1804,2308,2309,1163,1,1750265787
1805,2313,2309,1020,32,1750265788
1806,2314,2309,1020,53,1750265788
1807,2314,2315,1055,25,1750265788
1808,2310,2315,925,46,1750265788
1809,2317,2286,1176,14,1750265788
1810,2316,2318,1062,52,1750265788
1811,2320,2319,1065,15,1750265788
1812,2316,2322,1062,15,1750265788
1813,2321,2325,931,44,1750265788
1814,2310,2325,925,47,1750265788
1815,2305,2325,899,1,1750265788
1816,2305,2328,899,18,1750265788
1817,2131,2328,892,23,1750265788
1818,2124,2328,888,22,1750265788
1819,2126,2328,883,9,1750265788
1820,2333,2331,1023,70,1750265789
1821,2337,2331,1023,25,1750265789
1822,2337,2335,1023,34,1750265789
1823,2337,2327,1037,13,1750265789
1824,2338,2327,1037,36,1750265789
1825,2330,2339,1006,51,1750265789
1826,2330,2341,1006,17,1750265789
1827,2330,2346,1006,23,1750265790
1828,2342,2346,980,7,1750265790
1829,2342,2347,980,18,1750265790
1830,2344,2347,970,61,1750265790
1831,2348,2343,1015,31,1750265790
1832,2350,2343,1015,66,1750265790
1833,2350,2340,1035,16,1750265790
1834,2352,2340,1035,40,1750265790
1835,2344,2354,970,26,1750265790
1836,2126,2354,883,6,1750265790
1837,2355,2353,1029,60,1750265790
1838,2356,2353,1029,2,1750265790
1839,2356,2340,1035,31,1750265790
1840,2356,2327,1037,4,1750265790
1841,2126,2357,883,27,1750265790
1842,2230,2357,883,20,1750265790
1843,2358,2327,1037,6,1750265790
1844,2358,2345,1051,44,1750265790
1845,2358,2322,1054,21,1750265790
1846,2358,2336,1061,18,1750265790
1847,2361,2360,1012,51,1750265790
1848,2361,2336,1061,28,1750265790
1849,2362,2363,1037,31,1750265790
1850,2364,2363,1022,43,1750265790
1851,2364,2365,1060,28,1750265790
1852,2359,2365,986,29,1750265790
1853,2366,2336,1061,24,1750265791
1854,2366,2319,1065,10,1750265791
1855,2367,2319,1065,38,1750265791
1856,2368,2319,1065,10,1750265791
1857,2370,2319,1065,27,1750265791
1858,2370,2324,1115,48,1750265791
1859,2359,2371,986,28,1750265791
1860,2376,2324,1115,5,1750265791
1861,2376,2329,1119,7,1750265791
1862,2359,2380,986,4,1750265791
1863,2374,2380,979,11,1750265791
1864,2378,2380,954,32,1750265791
1865,2382,2329,1119,4,1750265791
1866,2382,2349,1133,28,1750265791
1867,2384,2286,1176,42,1750265792
1868,2384,2379,1178,30,1750265792
1869,2385,2379,1178,23,1750265792
1870,2385,583,1180,40,1750265792
1871,2382,2387,1147,13,1750265792
1872,2382,2390,1147,21,1750265792
1873,2382,2392,1147,11,1750265792
1874,2381,2394,1022,39,1750265792
1875,2378,2394,954,29,1750265792
1876,2378,2395,954,27,1750265792
1877,2388,2395,931,25,1750265792
1878,2388,2396,931,46,1750265792
1879,2230,2396,883,32,1750265792
1880,2230,2399,883,22,1750265792
1881,2402,2398,926,45,1750265793
1882,2403,2404,916,24,1750265793
1883,2407,2398,926,35,1750265793
1884,2408,2398,926,20,1750265793
1885,2408,2393,1081,66,1750265793
1886,2411,2392,1108,35,1750265793
1887,2408,2413,1097,3,1750265793
1888,2412,2413,1069,53,1750265793
1889,2412,2416,1069,11,1750265793
1890,2412,2418,1069,2,1750265794
1891,2410,2418,1058,63,1750265794
1892,2410,2421,1058,20,1750265794
1893,2420,2421,1053,7,1750265794
1894,2420,2423,1053,69,1750265794
1895,2420,2426,1053,8,1750265794
1896,2427,2426,1020,6,1750265794
1897,2427,2429,1074,23,1750265794
1898,2427,2430,1074,48,1750265794
1899,2433,2422,1106,32,1750265794
1900,2427,2435,1074,15,1750265794
1901,2434,2435,1029,32,1750265794
1902,2424,2441,954,40,1750265795
1903,2424,2443,954,35,1750265795
1904,2437,2443,921,46,1750265795
1905,2445,2435,956,31,1750265795
1906,2445,2438,991,18,1750265795
1907,2445,2436,1062,1,1750265795
1908,2446,2436,1062,38,1750265795
1909,2446,2439,1079,53,1750265795
1910,2446,2422,1106,9,1750265795
1911,2447,2422,1106,32,1750265795
1912,2447,2392,1108,39,1750265795
1913,2448,2392,1108,3,1750265795
1914,2448,2432,1140,58,1750265795
1915,2450,2432,1140,14,1750265795
1916,2449,2452,1084,24,1750265795
1917,2453,2432,1140,2,1750265795
1918,2453,2428,1145,41,1750265795
1919,2453,2391,1171,18,1750265795
1920,2449,2456,1084,25,1750265795
1921,2454,2456,1036,17,1750265795
1922,2454,2463,1036,12,1750265796
1923,2455,2463,1029,32,1750265796
1924,2458,2463,945,33,1750265796
1925,2437,2463,921,21,1750265796
1926,2464,2457,1082,62,1750265796
1927,2464,2460,1102,6,1750265796
1928,2468,2460,1102,15,1750265796
1929,2469,2460,1102,16,1750265796
1930,2467,2471,1018,19,1750265796
1931,2465,2471,980,4,1750265796
1932,2476,2460,1102,13,1750265797
1933,2475,2477,1036,20,1750265797
1934,2480,2477,997,18,1750265797
1935,2482,2477,997,33,1750265797
1936,2465,2485,980,35,1750265798
1937,2465,2487,980,20,1750265798
1938,2465,2488,980,2,1750265798
1939,2491,2488,976,38,1750265798
1940,2493,2488,976,27,1750265798
1941,2494,2488,976,13,1750265798
1942,2437,2497,921,3,1750265798
1943,2403,2497,916,26,1750265798
1944,2499,2488,976,14,1750265798
1945,2499,2477,997,9,1750265798
1946,2499,2502,1041,4,1750265799
1947,2510,2502,1000,57,1750265799
1948,2512,2502,1000,25,1750265799
1949,2403,2513,916,17,1750265799
1950,2503,2513,906,28,1750265799
1951,2516,2502,1000,4,1750265799
1952,2516,2509,1030,72,1750265799
1953,2517,2509,1030,1,1750265799
1954,2517,2506,1054,55,1750265799
1955,2515,2518,941,30,1750265799
1956,2515,2520,941,16,1750265800
1957,2521,2519,1014,61,1750265800
1958,2521,2506,1054,29,1750265800
1959,2523,2506,1054,10,1750265800
1960,2523,2511,1063,52,1750265800
1961,2523,2483,1086,7,1750265800
1962,2524,2483,1086,18,1750265800
1963,2524,2460,1102,14,1750265800
1964,2524,2508,1114,38,1750265800
1965,2524,2459,1128,4,1750265800
1966,2533,2532,1004,35,1750265800
1967,2534,2532,1004,5,1750265800
1968,2534,2530,1049,17,1750265800
1969,2534,2526,1091,6,1750265800
1970,2529,2535,972,12,1750265800
1971,2542,2545,1028,31,1750265801
1972,2537,2545,1018,55,1750265801
1973,2537,2546,1018,7,1750265801
1974,2540,2546,994,73,1750265801
1975,2529,2546,972,7,1750265801
1976,2529,2547,972,21,1750265801
1977,2529,2548,972,12,1750265801
1978,2549,2550,1058,42,1750265801
1979,2551,2544,1074,16,1750265801
1980,2551,2526,1091,11,1750265801
1981,2552,2526,1091,79,1750265801
1982,2552,2527,1115,3,1750265801
1983,2549,2555,1058,12,1750265801
1984,2529,2555,972,23,1750265801
1985,2515,2555,941,21,1750265801
1986,2559,2558,951,57,1750265802
1987,2562,2558,951,8,1750265802
1988,2562,2560,973,45,1750265802
1989,2562,2565,1089,31,1750265802
1990,2563,2565,1023,43,1750265802
1991,2563,2568,1023,36,1750265802
1992,2515,2568,941,2,1750265802
1993,2570,2557,1099,11,1750265802
1994,2570,2527,1115,8,1750265802
1995,2572,2527,1115,74,1750265802
1996,2572,2459,1128,9,1750265802
1997,2569,2576,1044,53,1750265802
1998,2575,2577,999,23,1750265802
1999,2579,2581,1007,27,1750265803
2000,2575,2581,999,51,1750265803
2001,2515,2583,941,22,1750265803
2002,2561,2583,929,64,1750265803
2003,2561,2584,929,10,1750265803
2004,2538,2584,921,8,1750265803
2005,2585,2581,981,16,1750265803
2006,2585,2576,1024,42,1750265803
2007,2586,2459,1128,14,1750265803
2008,2596,2588,1110,24,1750265803
2009,2596,2589,1120,31,1750265803
2010,2598,2589,1120,41,1750265803
2011,2590,2600,1101,41,1750265804
2012,2590,2603,1101,59,1750265804
2013,2585,2603,1093,14,1750265804
2014,2595,2603,1089,3,1750265804
2015,2604,2589,1120,8,1750265804
2016,2604,2459,1128,57,1750265804
2017,2606,2459,1128,1,1750265804
2018,2606,2571,1134,9,1750265804
2019,2595,2609,1089,60,1750265804
2020,2612,2571,1134,21,1750265804
2021,2595,2613,1089,14,1750265804
2022,2591,2613,1088,50,1750265804
2023,2615,2571,1134,55,1750265805
2024,2615,2479,1149,7,1750265805
2025,2591,2616,1088,6,1750265805
2026,2599,2616,1080,31,1750265805
2027,2599,2617,1080,6,1750265805
2028,2610,2617,1066,34,1750265805
2029,2619,2618,1134,46,1750265805
2030,2610,2621,1066,20,1750265805
2031,2622,2623,1084,32,1750265805
2032,2610,2623,1066,18,1750265805
2033,2610,2624,1066,13,1750265805
2034,2611,2624,955,18,1750265805
2035,2611,2628,955,44,1750265805
2036,2587,2628,947,32,1750265805
2037,2633,2629,963,22,1750265806
2038,2633,2631,979,36,1750265806
2039,2633,2632,1003,25,1750265806
2040,2634,2632,1003,21,1750265806
2041,2635,2632,1003,32,1750265806
2042,2636,2627,1071,30,1750265806
2043,2635,2637,1012,47,1750265806
2044,2635,2639,1012,20,1750265806
2045,2587,2639,947,41,1750265806
2046,2640,2627,1071,24,1750265806
2047,2641,2627,1071,17,1750265806
2048,2641,2618,1134,18,1750265806
2049,2646,2645,1090,68,1750265806
2050,2646,2618,1134,6,1750265806
2051,2646,2479,1149,4,1750265806
2052,2646,2620,1156,9,1750265806
2053,2647,2649,1015,22,1750265806
2054,2652,2620,1156,33,1750265806
2055,2653,2620,1156,40,1750265806
2056,2655,2620,1156,13,1750265807
2057,2655,2496,1158,12,1750265807
2058,2650,2657,1147,46,1750265807
2059,2647,2657,1015,18,1750265807
2060,2647,2658,1015,24,1750265807
2061,2587,2658,947,5,1750265807
2062,2654,2658,939,30,1750265807
2063,2659,2662,1070,52,1750265807
2064,2661,2662,1070,28,1750265807
2065,2664,2665,1118,81,1750265807
2066,2661,2666,1070,13,1750265807
2067,2663,2666,1003,55,1750265807
2068,2654,2670,939,54,1750265808
2069,2605,2670,926,34,1750265808
2070,2671,2666,962,1,1750265808
2071,2671,2669,1001,37,1750265808
2072,2673,2672,984,50,1750265808
2073,2673,2669,1001,16,1750265808
2074,2673,2665,1096,17,1750265808
2075,2673,2668,1151,15,1750265808
2076,2673,2496,1158,2,1750265808
2077,2605,2674,926,61,1750265808
2078,2538,2674,921,27,1750265808
2079,2675,2496,1158,31,1750265808
2080,2675,2539,1160,34,1750265808
2081,2677,2676,1147,42,1750265808
2082,2677,2539,1160,16,1750265808
2083,2678,2539,1160,13,1750265808
2084,2679,2680,1046,49,1750265808
2085,2679,2682,1046,12,1750265808
2086,2686,2684,1136,34,1750265808
2087,2686,2539,1160,9,1750265808
2088,2687,2539,1160,24,1750265808
2089,2687,2660,1160,41,1750265808
2090,2687,2507,1170,19,1750265808
2091,2689,2507,1170,23,1750265808
2092,2689,2391,1171,30,1750265808
2093,2689,2556,1177,21,1750265808
2094,2690,2693,1125,25,1750265809
2095,2679,2693,1046,5,1750265809
2096,2681,2693,999,64,1750265809
2097,2681,2694,999,25,1750265809
2098,2538,2696,921,40,1750265809
2099,2531,2696,920,12,1750265809
2100,2543,2696,909,36,1750265809
2101,2697,2694,935,53,1750265809
2102,2701,2694,935,2,1750265809
2103,2702,2704,1095,49,1750265809
2104,2702,2705,1095,8,1750265809
2105,2701,2705,1024,44,1750265809
2106,2713,2712,1104,35,1750265810
2107,2713,2698,1112,10,1750265810
2108,2716,2698,1112,16,1750265810
2109,2701,2718,1024,6,1750265810
2110,2708,2718,948,19,1750265810
2111,2699,2718,930,53,1750265810
2112,2699,2719,930,4,1750265810
2113,2543,2723,909,44,1750265810
2114,2543,2725,909,12,1750265811
2115,2503,2725,906,29,1750265811
2116,2597,2725,905,12,1750265811
2117,2473,2725,904,26,1750265811
2118,2714,2725,902,10,1750265811
2119,2726,2719,911,28,1750265811
2120,2727,2719,911,28,1750265811
2121,2729,2719,911,14,1750265811
2122,2729,2722,1076,14,1750265811
2123,2734,2735,974,83,1750265811
2124,2740,2741,1034,14,1750265811
2125,2740,2744,1034,23,1750265811
2126,2748,2743,1048,44,1750265812
2127,2751,2743,1048,33,1750265812
2128,2751,2722,1076,27,1750265812
2129,2740,2752,1034,9,1750265812
2130,2745,2752,1025,7,1750265812
2131,2754,2722,1076,35,1750265812
2132,2745,2757,1025,10,1750265812
2133,2745,2761,1025,57,1750265812
2134,2745,2763,1025,2,1750265812
2135,2734,2763,974,16,1750265812
2136,2750,2763,951,5,1750265812
2137,2765,2722,1076,6,1750265813
2138,2765,2717,1087,21,1750265813
2139,2764,2766,1063,59,1750265813
2140,2750,2767,951,21,1750265813
2141,2737,2767,907,60,1750265813
2142,2768,2766,996,15,1750265813
2143,2773,2766,996,22,1750265813
2144,2773,2717,1087,4,1750265813
2145,2773,2698,1112,57,1750265813
2146,2774,2698,1112,12,1750265813
2147,2774,2730,1115,20,1750265813
2148,2737,2775,907,14,1750265813
2149,2714,2775,902,30,1750265813
2150,2777,2781,938,42,1750265813
2151,2714,2781,902,25,1750265813
2152,2714,2793,902,3,1750265814
2153,2490,2793,901,68,1750265814
2154,2500,2793,898,22,1750265814
2155,2794,2792,932,23,1750265814
2156,2800,2795,930,15,1750265815
2157,2800,2792,932,29,1750265815
2158,2800,2789,936,11,1750265815
2159,2801,2789,936,49,1750265815
2160,2802,2803,934,78,1750265815
2161,2804,2789,936,9,1750265815
2162,2804,2790,937,8,1750265815
2163,2806,2790,937,24,1750265815
2164,2808,2790,937,22,1750265815
2165,2808,2784,948,5,1750265815
2166,2809,2784,948,10,1750265815
2167,2802,2811,934,17,1750265815
2168,2802,2812,934,1,1750265815
2169,2500,2812,898,61,1750265815
2170,2816,2784,948,61,1750265816
2171,2816,2807,981,24,1750265816
2172,2818,2807,981,42,1750265816
2173,2818,2810,991,32,1750265816
2174,2819,2810,991,12,1750265816
2175,2500,2822,898,12,1750265816
2176,2830,2810,991,27,1750265816
2177,2833,2810,991,25,1750265816
2178,2833,2782,997,3,1750265816
2179,2826,2834,976,49,1750265816
2180,2827,2834,954,41,1750265816
2181,2835,2782,997,18,1750265816
2182,2835,2798,1001,11,1750265816
2183,2838,2798,1001,61,1750265816
2184,2838,2780,1013,2,1750265816
2185,2839,2780,1013,44,1750265817
2186,2840,2780,1013,45,1750265817
2187,2840,2813,1017,1,1750265817
2188,2827,2841,954,38,1750265817
2189,2828,2841,928,1,1750265817
2190,2843,2813,1017,36,1750265817
2191,2843,2842,1018,4,1750265817
2192,2847,2842,1018,40,1750265817
2193,2847,2796,1019,13,1750265817
2194,2845,2851,944,10,1750265817
2195,2828,2851,928,72,1750265817
2196,2828,2852,928,8,1750265817
2197,2486,2852,897,37,1750265817
2198,2405,2852,896,16,1750265817
2199,2854,2796,1019,15,1750265817
2200,2854,2786,1023,25,1750265817
2201,2854,2779,1024,2,1750265817
2202,2858,2779,1024,20,1750265817
2203,2405,2859,896,42,1750265817
2204,2405,2860,896,6,1750265818
2205,2541,2860,895,22,1750265818
2206,2862,2779,1024,33,1750265818
2207,2863,2864,970,33,1750265818
2208,2541,2864,895,8,1750265818
2209,2866,2779,1024,27,1750265818
2210,2868,2867,989,26,1750265818
2211,2868,2779,1024,6,1750265818
2212,2868,2856,1030,59,1750265818
2213,2873,2870,913,52,1750265819
2214,2873,2869,967,19,1750265819
2215,2874,2869,967,43,1750265819
2216,2874,2871,1027,14,1750265819
2217,2876,2871,1027,53,1750265819
2218,2876,2856,1030,2,1750265819
2219,2876,2849,1042,43,1750265819
2220,2877,2849,1042,3,1750265819
2221,2877,2799,1056,80,1750265819
2222,2541,2878,895,22,1750265819
2223,2592,2878,894,15,1750265819
2224,2879,2880,1044,21,1750265819
2225,2879,2881,1044,1,1750265819
2226,2882,2881,1007,20,1750265819
2227,2882,2799,1056,3,1750265819
2228,2882,2815,1057,69,1750265819
2229,2882,2855,1094,7,1750265819
2230,2592,2883,894,23,1750265819
2231,2501,2883,893,57,1750265819
2232,2885,2884,971,38,1750265819
2233,2888,2884,971,22,1750265819
2234,2888,2855,1094,42,1750265819
2235,2887,2889,912,57,1750265820
2236,2891,2855,1094,33,1750265820
2237,2891,2875,1095,62,1750265820
2238,2887,2892,912,23,1750265820
2239,2501,2892,893,31,1750265820
2240,2630,2892,892,16,1750265820
2241,2896,2895,1002,15,1750265820
2242,2897,2895,1002,80,1750265820
2243,2897,2875,1095,14,1750265820
2244,2894,2898,970,39,1750265820
2245,2900,2899,1069,62,1750265820
2246,2900,2875,1095,3,1750265820
2247,2900,2890,1101,13,1750265820
2248,2894,2901,970,19,1750265820
2249,2893,2901,900,12,1750265820
2250,2630,2901,892,39,1750265820
2251,2903,2902,1093,79,1750265821
2252,2630,2905,892,37,1750265821
2253,2691,2905,884,9,1750265821
2254,2907,2906,978,69,1750265821
2255,2910,2906,978,25,1750265821
2256,2912,2908,1028,12,1750265821
2257,2912,2902,1093,5,1750265821
2258,2912,2890,1101,2,1750265821
2259,2912,2805,1103,25,1750265821
2260,2912,2914,1103,34,1750265821
2261,2912,2920,1103,19,1750265821
2262,2912,2922,1103,1,1750265821
2263,2921,2922,964,36,1750265821
2264,2909,2922,932,21,1750265821
2265,2926,2930,1030,10,1750265822
2266,2932,2930,1002,62,1750265822
2267,2932,2923,1035,7,1750265822
2268,2909,2944,932,43,1750265823
2269,2945,2935,934,33,1750265823
2270,2945,2933,999,13,1750265823
2271,2946,2949,995,34,1750265823
2272,2950,2933,999,30,1750265823
2273,2950,2923,1035,12,1750265823
2274,2946,2952,995,49,1750265823
2275,2948,2952,941,18,1750265823
2276,2953,2934,1048,14,1750265823
2277,2953,2929,1069,42,1750265823
2278,2948,2955,941,56,1750265823
2279,2956,2929,1069,33,1750265823
2280,2948,2964,941,8,1750265824
2281,2909,2964,932,16,1750265824
2282,2941,2965,930,29,1750265824
2283,2941,2966,930,11,1750265824
2284,2967,2966,929,66,1750265824
2285,2967,2963,974,32,1750265824
2286,2913,2968,920,63,1750265824
2287,2916,2968,911,21,1750265824
2288,2972,2963,974,39,1750265824
2289,2972,2969,1019,26,1750265824
2290,2973,2969,1019,24,1750265824
2291,2976,2974,952,32,1750265824
2292,2916,2978,911,16,1750265825
2293,2980,2974,952,16,1750265825
2294,2980,2969,1019,16,1750265825
2295,2980,2958,1038,14,1750265825
2296,2980,2929,1069,17,1750265825
2297,2980,2785,1110,21,1750265825
2298,2985,2983,992,27,1750265825
2299,2986,2983,992,55,1750265825
2300,2986,2785,1110,4,1750265825
2301,2982,2987,951,22,1750265825
2302,2991,2989,989,20,1750265826
2303,2991,2992,1047,49,1750265826
2304,2993,2992,984,32,1750265826
2305,2993,2994,1108,64,1750265826
2306,2996,2997,978,21,1750265826
2307,2998,2994,1013,24,1750265826
2308,2998,2999,1087,52,1750265826
2309,2996,2999,978,45,1750265826
2310,3000,2785,1110,27,1750265826
2311,3002,2785,1110,16,1750265826
2312,3002,2730,1115,7,1750265826
2313,3001,3005,1087,22,1750265827
2314,2996,3005,978,6,1750265827
2315,3006,2730,1115,44,1750265827
2316,3006,2911,1118,55,1750265827
2317,3009,3007,1092,17,1750265827
2318,3009,3008,1106,36,1750265827
2319,2996,3010,978,24,1750265827
2320,2982,3010,951,9,1750265827
2321,3017,3015,922,38,1750265827
2322,3017,3010,938,12,1750265827
2323,2916,3018,911,34,1750265827
2324,3004,3018,907,19,1750265827
2325,2984,3018,904,10,1750265827
2326,3019,3010,938,19,1750265827
2327,3019,3016,1014,4,1750265827
2328,2984,3020,904,85,1750265827
2329,2957,3020,898,1,1750265827
2330,2957,3023,898,14,1750265828
2331,2957,3025,898,50,1750265828
2332,2957,3026,898,20,1750265828
2333,2924,3026,887,50,1750265828
2334,2691,3026,884,14,1750265828
2335,3028,3022,934,37,1750265828
2336,3028,3016,1014,57,1750265828
2337,2691,3029,884,9,1750265828
2338,2230,3029,883,13,1750265828
2339,2979,3029,883,11,1750265828
2340,3030,3016,1014,18,1750265828
2341,3031,3016,1014,21,1750265828
2342,3031,3008,1106,39,1750265828
2343,2979,3032,883,11,1750265828
2344,2979,3033,883,16,1750265828
2345,2979,3035,883,19,1750265828
2346,2979,3041,883,36,1750265828
2347,2990,3041,880,8,1750265828
2348,3043,3036,952,48,1750265829
2349,2990,3045,880,28,1750265829
2350,2642,3045,879,36,1750265829
2351,3046,3036,952,41,1750265829
2352,3046,3039,955,43,1750265829
2353,3049,3034,1036,55,1750265829
2354,3049,3044,1082,43,1750265829
2355,3046,3050,980,1,1750265829
2356,3053,3050,925,24,1750265829
2357,3053,3052,1074,27,1750265829
2358,3053,3044,1082,30,1750265829
2359,3054,3055,968,33,1750265829
2360,3051,3055,902,20,1750265829
2361,3058,3044,1082,2,1750265830
2362,3058,3037,1086,34,1750265830
2363,3060,3037,1086,27,1750265830
2364,3060,3008,1106,19,1750265830
2365,3060,3040,1114,3,1750265830
2366,3057,3064,1069,24,1750265830
2367,3065,3040,1114,11,1750265830
2368,3057,3067,1069,17,1750265830
2369,3059,3067,1049,29,1750265830
2370,3068,3067,1017,8,1750265830
2371,3068,3040,1114,11,1750265830
2372,3069,3040,1114,46,1750265830
2373,3069,2911,1118,7,1750265830
2374,3069,2703,1121,32,1750265830
2375,3056,3071,991,31,1750265830
2376,3061,3071,960,29,1750265830
2377,3061,3072,960,31,1750265830
2378,3073,3070,1047,94,1750265830
2379,3061,3077,960,20,1750265831
2380,3078,3074,961,34,1750265831
2381,3082,3074,961,55,1750265831
2382,3082,3075,1006,3,1750265831
2383,3061,3083,960,9,1750265831
2384,3076,3083,947,53,1750265831
2385,3084,3085,978,61,1750265831
2386,3076,3085,947,36,1750265831
2387,3051,3085,902,2,1750265831
2388,3086,3075,1006,14,1750265831
2389,3086,3070,1047,5,1750265831
2390,3086,2703,1121,32,1750265831
2391,3051,3087,902,30,1750265831
2392,3051,3089,902,46,1750265831
2393,3091,2703,1121,11,1750265831
2394,3051,3093,902,2,1750265832
2395,2642,3093,879,19,1750265832
2396,2685,3093,878,48,1750265832
2397,3096,2703,1121,16,1750265832
2398,3096,2954,1121,62,1750265832
2399,3095,3097,898,12,1750265832
2400,2685,3097,878,37,1750265832
2401,2164,3097,873,22,1750265832
2402,2947,3097,873,14,1750265832
2403,2262,3097,872,14,1750265832
2404,2262,3099,872,9,1750265832
2405,2988,3099,872,13,1750265832
2406,2210,3099,867,47,1750265832
2407,3103,3100,933,12,1750265832
2408,3110,3108,895,34,1750265832
2409,3118,3108,895,43,1750265833
2410,3121,3108,895,11,1750265833
2411,3121,3116,906,10,1750265833
2412,3121,3119,918,54,1750265833
2413,3125,3119,918,21,1750265834
2414,3125,3100,933,32,1750265834
2415,3133,3126,906,46,1750265834
2416,3133,3100,933,5,1750265834
2417,3132,3134,873,12,1750265834
2418,2210,3134,867,44,1750265834
2419,3137,3100,933,49,1750265834
2420,3139,3100,933,1,1750265834
2421,3139,3138,941,32,1750265834
2422,3139,3124,944,16,1750265834
2423,2210,3140,867,2,1750265834
2424,2566,3140,867,20,1750265834
2425,2566,3142,867,14,1750265834
2426,2995,3142,867,25,1750265834
2427,3147,3124,944,61,1750265835
2428,3148,3124,944,3,1750265835
2429,3148,3145,945,48,1750265835
2430,3148,3136,962,17,1750265835
2431,3150,3136,962,60,1750265835
2432,3150,3101,969,24,1750265835
2433,3156,3101,969,27,1750265835
2434,3156,3149,977,16,1750265835
2435,3160,3159,918,17,1750265835
2436,3146,3164,910,70,1750265836
2437,3152,3164,899,26,1750265836
2438,3165,3159,918,16,1750265836
2439,3168,3159,918,28,1750265836
2440,3169,3159,918,20,1750265836
2441,3169,3167,940,45,1750265836
2442,3169,3149,977,4,1750265836
2443,3169,3127,988,24,1750265836
2444,3172,3127,988,22,1750265836
2445,3170,3174,911,35,1750265836
2446,3152,3174,899,2,1750265836
2447,3175,3173,928,13,1750265836
2448,3175,3176,975,43,1750265836
2449,3152,3176,899,16,1750265836
2450,3163,3176,874,17,1750265836
2451,2995,3176,867,8,1750265836
2452,3153,3176,867,1,1750265836
2453,3180,3127,988,24,1750265837
2454,3180,3122,999,55,1750265837
2455,3179,3181,986,35,1750265837
2456,3184,3177,1011,65,1750265837
2457,3179,3185,986,39,1750265837
2458,3186,3185,882,22,1750265837
2459,3186,3177,1011,2,1750265837
2460,3153,3187,867,47,1750265837
2461,3189,3177,1011,11,1750265837
2462,3189,3123,1034,56,1750265837
2463,3189,3107,1040,10,1750265837
2464,3195,3107,1040,31,1750265837
2465,3200,3198,959,80,1750265837
2466,3201,3198,959,11,1750265838
2467,3201,3107,1040,21,1750265838
2468,3201,3105,1070,17,1750265838
2469,3206,3205,877,10,1750265838
2470,3207,3205,877,51,1750265838
2471,3207,3204,890,33,1750265838
2472,3153,3208,867,13,1750265838
2473,2721,3208,866,13,1750265838
2474,2721,3210,866,12,1750265838
2475,3211,3204,890,43,1750265838
2476,3211,3203,977,29,1750265838
2477,3211,3209,1047,15,1750265838
2478,3212,3209,1047,21,1750265838
2479,3215,3214,922,75,1750265838
2480,3215,3209,1047,11,1750265838
2481,3218,3217,1012,30,1750265839
2482,3220,3219,972,40,1750265839
2483,2721,3224,866,30,1750265839
2484,3094,3224,865,49,1750265839
2485,3226,3225,884,21,1750265839
2486,3227,3225,884,14,1750265839
2487,3228,3229,948,22,1750265839
2488,3227,3229,921,4,1750265839
2489,3094,3229,865,24,1750265839
2490,2373,3229,864,31,1750265839
2491,2710,3229,864,1,1750265839
2492,3232,3230,958,37,1750265839
2493,3235,3230,958,5,1750265840
2494,3235,3219,972,60,1750265840
2495,3235,3217,1012,3,1750265840
2496,3238,3217,1012,32,1750265840
2497,3238,3209,1047,14,1750265840
2498,3238,3105,1070,15,1750265840
2499,3238,3162,1072,10,1750265840
2500,3241,3162,1072,21,1750265840
2501,3241,3161,1075,40,1750265840
2502,3241,3196,1076,39,1750265840
2503,3242,3196,1076,21,1750265840
2504,3234,3244,905,49,1750265840
2505,2710,3244,864,13,1750265840
2506,3245,3196,1076,36,1750265840
2507,3245,3158,1085,37,1750265840
2508,3245,3182,1085,19,1750265840
2509,3247,3182,1085,53,1750265840
2510,3248,3251,1020,44,1750265841
2511,3246,3251,995,13,1750265841
2512,2710,3254,864,72,1750265841
2513,1912,3254,863,9,1750265841
2514,1912,3255,863,33,1750265841
2515,673,3255,862,41,1750265841
2516,673,3260,862,21,1750265841
2517,1438,3260,862,1,1750265841
2518,3263,3251,925,41,1750265841
2519,3263,3257,932,28,1750265841
2520,3264,3257,932,60,1750265841
2521,3264,3252,934,30,1750265841
2522,3266,3252,934,54,1750265842
2523,1438,3270,862,37,1750265842
2524,520,3270,861,33,1750265842
2525,598,3270,861,22,1750265842
2526,3272,3267,902,12,1750265842
2527,3273,3267,902,23,1750265842
2528,3275,3267,902,19,1750265842
2529,3276,3267,902,11,1750265842
2530,3276,3252,934,6,1750265842
2531,3276,3271,954,12,1750265842
2532,3277,3271,954,17,1750265842
2533,3278,3271,954,18,1750265842
2534,3278,3281,1057,29,1750265843
2535,3278,3283,1057,4,1750265843
2536,3280,3283,1004,21,1750265843
2537,3280,3285,1004,15,1750265843
2538,3284,3289,971,51,1750265843
2539,3282,3289,884,49,1750265843
2540,3282,3290,884,21,1750265843
2541,3291,3290,875,31,1750265843
2542,3291,3285,973,15,1750265843
2543,3292,3285,973,63,1750265843
2544,3292,3286,1056,6,1750265843
2545,1001,3293,860,17,1750265843
2546,1026,3293,859,79,1750265843
2547,3297,3295,871,15,1750265844
2548,3299,3295,871,12,1750265844
2549,3300,3295,871,23,1750265844
2550,3300,3301,879,13,1750265844
2551,1026,3301,859,4,1750265844
2552,3155,3301,859,14,1750265844
2553,3155,3303,859,40,1750265844
2554,3304,3286,1056,65,1750265844
2555,3155,3306,859,13,1750265844
2556,215,3306,858,19,1750265844
2557,1096,3306,858,42,1750265844
2558,1096,3307,858,21,1750265844
2559,2025,3307,858,69,1750265844
2560,2401,3307,858,7,1750265844
2561,2401,3310,858,11,1750265844
2562,168,3310,857,8,1750265844
2563,3311,3316,917,16,1750265845
2564,3319,3309,951,30,1750265845
2565,3319,3305,956,3,1750265845
2566,3321,3305,956,27,1750265845
2567,3311,3323,917,79,1750265845
2568,3324,3305,956,34,1750265845
2569,3324,3313,983,42,1750265845
2570,3311,3325,917,2,1750265845
2571,168,3325,857,57,1750265845
2572,3331,3313,983,14,1750265845
2573,168,3333,857,20,1750265846
2574,387,3333,857,39,1750265846
2575,3334,3336,862,75,1750265846
2576,3337,3332,943,15,1750265846
2577,3339,3332,943,22,1750265846
2578,3340,3332,943,31,1750265846
2579,3334,3342,862,24,1750265846
2580,387,3342,857,12,1750265846
2581,3343,3313,983,7,1750265846
2582,3343,3320,993,74,1750265846
2583,3343,3318,1047,13,1750265846
2584,3344,3318,1047,38,1750265846
2585,3346,3318,1047,13,1750265847
2586,3346,3286,1056,24,1750265847
2587,3346,3315,1063,2,1750265847
2588,3347,3350,995,51,1750265847
2589,3352,3315,1063,15,1750265847
2590,3353,3315,1063,47,1750265847
2591,3357,3355,1052,83,1750265847
2592,3357,3315,1063,5,1750265847
2593,3357,3294,1070,12,1750265847
2594,3347,3359,995,8,1750265847
2595,3356,3359,929,11,1750265847
2596,3361,3294,1070,40,1750265847
2597,3361,3182,1085,14,1750265847
2598,3361,3330,1085,21,1750265847
2599,3360,3362,1021,16,1750265847
2600,3356,3362,929,51,1750265847
2601,387,3362,857,4,1750265847
2602,3366,3367,1024,98,1750265848
2603,3364,3367,876,1,1750265848
2604,3368,3369,998,68,1750265848
2605,3371,3370,1019,16,1750265848
2606,3371,3330,1085,25,1750265848
2607,3371,3221,1087,24,1750265848
2608,3371,3261,1099,10,1750265848
2609,3373,3261,1099,44,1750265848
2610,3373,3327,1100,11,1750265848
2611,3374,3327,1100,12,1750265848
2612,3374,3358,1103,43,1750265848
2613,3372,3375,1021,10,1750265848
2614,3368,3375,998,25,1750265848
2615,3376,3375,994,38,1750265848
2616,3378,3375,994,3,1750265848
2617,3378,3379,997,54,1750265848
2618,3381,3380,1090,22,1750265848
2619,3378,3383,997,12,1750265849
2620,3377,3383,961,70,1750265849
2621,3377,3384,961,20,1750265849
2622,3364,3385,876,66,1750265849
2623,387,3385,857,24,1750265849
2624,387,3386,857,10,1750265849
2625,770,3386,857,15,1750265849
2626,953,3386,857,22,1750265849
2627,1935,3386,857,22,1750265849
2628,1935,3390,857,66,1750265849
2629,2397,3390,857,22,1750265849
2630,3391,3384,885,2,1750265849
2631,3391,3389,931,26,1750265849
2632,3391,3392,1002,67,1750265849
2633,3395,3392,925,32,1750265850
2634,3395,3398,942,42,1750265850
2635,2397,3399,857,68,1750265850
2636,2425,3399,857,6,1750265850
2637,3400,3398,933,32,1750265850
2638,3401,3398,933,18,1750265850
2639,3401,3397,1077,39,1750265850
2640,2425,3402,857,26,1750265850
2641,2574,3402,856,63,1750265850
2642,710,3402,855,3,1750265850
2643,3403,3404,888,21,1750265850
2644,3405,3397,1077,7,1750265850
2645,3405,3380,1090,48,1750265850
2646,3405,3358,1103,11,1750265850
2647,3407,3358,1103,20,1750265850
2648,3408,3358,1103,2,1750265850
2649,3408,3382,1103,9,1750265850
2650,3409,3382,1103,22,1750265850
2651,3413,3411,990,35,1750265850
2652,3413,3382,1103,8,1750265850
2653,3413,3222,1104,29,1750265850
2654,3414,3222,1104,26,1750265851
2655,3428,3425,1002,66,1750265851
2656,3426,3429,999,22,1750265851
2657,3432,3425,1002,1,1750265851
2658,3432,3222,1104,27,1750265851
2659,3432,3151,1107,69,1750265851
2660,3433,3151,1107,17,1750265851
2661,3433,3253,1113,20,1750265851
2662,3426,3435,999,65,1750265852
2663,3410,3435,961,11,1750265852
2664,3410,3436,961,10,1750265852
2665,3438,3439,1013,49,1750265852
2666,3410,3439,961,42,1750265852
2667,3410,3440,961,21,1750265852
2668,3424,3440,912,18,1750265852
2669,3441,3443,975,24,1750265852
2670,3424,3443,912,44,1750265852
2671,3403,3443,888,20,1750265852
2672,3403,3444,888,35,1750265852
2673,3420,3444,886,29,1750265852
2674,3412,3444,877,5,1750265852
2675,3446,3445,927,61,1750265852
2676,3448,3445,927,11,1750265853
2677,3452,3455,1098,79,1750265853
2678,3448,3455,1062,11,1750265853
2679,3456,3455,1022,9,1750265853
2680,3456,3253,1113,32,1750265853
2681,3456,3197,1115,29,1750265853
2682,3458,3464,1083,57,1750265854
2683,3458,3465,1083,4,1750265854
2684,3460,3465,990,24,1750265854
2685,3468,3465,987,30,1750265854
2686,3459,3471,924,60,1750265854
2687,3472,3465,987,14,1750265854
2688,3472,3469,1086,21,1750265854
2689,3474,3197,1115,35,1750265854
2690,3474,3388,1118,28,1750265854
2691,3472,3475,1092,34,1750265854
2692,3459,3475,924,11,1750265854
2693,3470,3475,913,19,1750265854
2694,3470,3476,913,31,1750265854
2695,3451,3476,911,16,1750265854
2696,3412,3476,877,33,1750265854
2697,3412,3480,877,13,1750265855
2698,710,3480,855,7,1750265855
2699,3481,3479,928,37,1750265855
2700,3481,3483,1063,3,1750265855
2701,3484,3483,1044,71,1750265855
2702,3484,3388,1118,4,1750265855
2703,3489,3486,987,43,1750265855
2704,3490,3486,987,10,1750265855
2705,3490,3493,1077,3,1750265855
2706,3496,3493,940,57,1750265855
2707,3496,3488,1084,15,1750265855
2708,3497,3488,1084,11,1750265855
2709,3497,3388,1118,53,1750265855
2710,3497,3393,1120,4,1750265855
2711,3502,3498,932,29,1750265856
2712,3506,3498,932,34,1750265856
2713,3506,3503,1058,47,1750265856
2714,3506,3499,1091,7,1750265856
2715,3487,3507,907,66,1750265856
2716,3504,3507,902,27,1750265856
2717,3504,3508,902,28,1750265856
2718,710,3508,855,23,1750265856
2719,3511,3512,1027,78,1750265856
2720,3515,3517,1045,42,1750265857
2721,3519,3514,1046,23,1750265857
2722,3520,3514,1046,26,1750265857
2723,3521,3514,1046,12,1750265857
2724,3521,3518,1085,49,1750265857
2725,3521,3499,1091,25,1750265857
2726,3522,3499,1091,61,1750265857
2727,3522,3505,1117,14,1750265857
2728,3522,3393,1120,12,1750265857
2729,3515,3525,1045,10,1750265857
2730,3515,3526,1045,27,1750265857
2731,3511,3526,1027,18,1750265857
2732,3524,3526,955,30,1750265857
2733,3527,3393,1120,10,1750265857
2734,3527,2954,1121,24,1750265857
2735,3527,3144,1122,43,1750265857
2736,3527,3157,1123,23,1750265857
2737,3524,3530,955,36,1750265857
2738,3516,3530,904,53,1750265857
2739,3536,3535,948,40,1750265858
2740,3536,3529,977,33,1750265858
2741,3539,3529,977,22,1750265858
2742,3539,3533,985,51,1750265858
2743,3539,3528,1079,4,1750265858
2744,3540,3528,1079,53,1750265858
2745,3540,3532,1090,31,1750265858
2746,3542,3541,955,65,1750265858
2747,3543,3541,955,10,1750265858
2748,3543,3545,1084,15,1750265858
2749,3516,3545,904,13,1750265858
2750,3547,3545,894,67,1750265858
2751,3552,3545,894,2,1750265859
2752,3552,3553,976,18,1750265859
2753,3513,3554,870,87,1750265859
2754,710,3554,855,4,1750265859
2755,3555,3553,877,41,1750265859
2756,3555,3549,1067,36,1750265859
2757,3558,3549,1067,42,1750265859
2758,3558,3532,1090,44,1750265859
2759,3558,3560,1112,10,1750265859
2760,3556,3560,1028,7,1750265859
2761,3561,3538,1113,33,1750265860
2762,3561,3157,1123,20,1750265860
2763,3561,3463,1124,31,1750265860
2764,3567,3463,1124,13,1750265860
2765,3567,3113,1125,15,1750265860
2766,3563,3568,1046,40,1750265860
2767,3563,3570,1046,21,1750265860
2768,3563,3572,1046,31,1750265860
2769,3569,3572,1042,29,1750265860
2770,3556,3572,1028,39,1750265860
2771,3574,3113,1125,37,1750265860
2772,3576,3113,1125,31,1750265860
2773,3576,3011,1127,16,1750265860
2774,3576,3183,1129,44,1750265860
2775,3556,3578,1028,10,1750265860
2776,3557,3578,1009,36,1750265860
2777,3557,3581,1009,20,1750265861
2778,3562,3581,983,49,1750265861
2779,3582,3583,995,62,1750265861
2780,3582,3585,995,33,1750265861
2781,3562,3585,983,2,1750265861
2782,3587,3183,1129,2,1750265861
2783,3587,3349,1129,55,1750265861
2784,3587,2715,1130,31,1750265861
2785,3588,2715,1130,32,1750265861
2786,3588,3088,1132,18,1750265861
2787,3562,3591,983,19,1750265861
2788,3595,3590,1038,25,1750265861
2789,3595,3088,1132,37,1750265861
2790,3562,3599,983,7,1750265862
2791,3577,3599,970,37,1750265862
2792,3603,3609,1116,86,1750265862
2793,3603,3610,1116,7,1750265862
2794,3602,3610,1071,40,1750265862
2795,3577,3610,970,8,1750265862
2796,3617,3610,967,18,1750265863
2797,3618,3619,1055,35,1750265863
2798,3618,3620,1055,59,1750265863
2799,3617,3620,1013,15,1750265863
2800,3617,3621,1013,52,1750265863
2801,3622,3621,927,31,1750265863
2802,3626,3601,1131,50,1750265863
2803,3626,3088,1132,7,1750265863
2804,3626,3090,1132,37,1750265863
2805,3628,3629,1005,26,1750265863
2806,3624,3629,999,11,1750265863
2807,3622,3629,932,25,1750265863
2808,3622,3630,932,5,1750265863
2809,3594,3630,892,54,1750265864
2810,3594,3633,892,6,1750265864
2811,3592,3633,876,13,1750265864
2812,3634,3632,994,36,1750265864
2813,3634,3090,1132,32,1750265864
2814,3636,3090,1132,16,1750265864
2815,3636,3106,1132,17,1750265864
2816,3636,3348,1132,31,1750265864
2817,3636,3191,1135,4,1750265864
2818,3637,3191,1135,64,1750265864
2819,3640,3645,1052,42,1750265864
2820,3644,3645,1043,52,1750265864
2821,3650,3638,1117,30,1750265865
2822,3650,3191,1135,6,1750265865
2823,3650,3614,1137,23,1750265865
2824,3650,3258,1138,28,1750265865
2825,3652,3258,1138,46,1750265865
2826,3657,3258,1138,18,1750265865
2827,3657,3615,1139,78,1750265865
2828,3658,3659,1121,50,1750265865
2829,3661,3615,1139,15,1750265865
2830,3661,2853,1143,46,1750265865
2831,3661,2736,1144,2,1750265865
2832,3658,3665,1121,31,1750265866
2833,3649,3665,1116,40,1750265866
2834,3649,3666,1116,16,1750265866
2835,3647,3666,1079,20,1750265866
2836,3653,3666,1066,7,1750265866
2837,3653,3670,1066,29,1750265866
2838,3668,3670,1062,23,1750265866
2839,3668,3674,1062,51,1750265866
2840,3668,3678,1062,17,1750265866
2841,3663,3678,1055,2,1750265866
2842,3681,3672,1106,75,1750265867
2843,3681,2736,1144,2,1750265867
2844,3663,3686,1055,29,1750265867
2845,3691,3684,1088,28,1750265867
2846,3693,3694,1061,66,1750265867
2847,3663,3696,1055,50,1750265868
2848,3644,3696,1043,15,1750265868
2849,3677,3696,1041,14,1750265868
2850,3677,3700,1041,30,1750265868
2851,3671,3700,1037,10,1750265868
2852,3701,3684,1088,2,1750265868
2853,3701,3702,1088,14,1750265868
2854,3701,3703,1088,8,1750265868
2855,3671,3703,1037,43,1750265868
2856,3699,3703,1023,39,1750265868
2857,3707,3705,1133,43,1750265868
2858,3699,3711,1023,43,1750265868
2859,3687,3711,1021,42,1750265868
2860,3687,3712,1021,11,1750265868
2861,3713,3716,1037,14,1750265869
2862,3713,3717,1037,20,1750265869
2863,3715,3717,1026,8,1750265869
2864,3715,3720,1026,52,1750265869
2865,3687,3720,1021,15,1750265869
2866,3722,3705,1133,48,1750265869
2867,3722,2736,1144,24,1750265869
2868,3687,3723,1021,20,1750265869
2869,3690,3723,1006,27,1750265869
2870,3690,3725,1006,7,1750265869
2871,3654,3725,985,7,1750265869
2872,3727,3728,1098,47,1750265869
2873,3654,3728,985,52,1750265869
2874,3731,3729,1115,49,1750265870
2875,3732,3729,1115,17,1750265870
2876,3732,3733,1117,21,1750265870
2877,3730,3733,1032,21,1750265870
2878,3730,3737,1032,68,1750265870
2879,3654,3737,985,14,1750265870
2880,3648,3737,980,9,1750265870
2881,3648,3739,980,56,1750265870
2882,3744,3741,1037,11,1750265870
2883,3746,3736,1071,83,1750265870
2884,3749,3736,1071,13,1750265871
2885,3749,2736,1144,47,1750265871
2886,3749,2940,1144,23,1750265871
2887,3744,3752,1064,36,1750265871
2888,3753,2940,1144,25,1750265871
2889,3756,3759,1133,46,1750265871
2890,3756,3760,1133,20,1750265871
2891,3756,3761,1133,5,1750265871
2892,3744,3761,1064,34,1750265871
2893,3754,3761,1054,58,1750265871
2894,3754,3763,1054,11,1750265871
2895,3764,2940,1144,32,1750265871
2896,3764,2733,1145,29,1750265871
2897,3754,3765,1054,7,1750265871
2898,3748,3765,1043,20,1750265871
2899,3767,3766,1057,48,1750265872
2900,3767,2733,1145,19,1750265872
2901,3767,2821,1145,7,1750265872
2902,3770,2821,1145,17,1750265872
2903,3770,2977,1146,3,1750265872
2904,3772,3771,1102,44,1750265872
2905,3773,3771,1102,48,1750265872
2906,3773,2977,1146,32,1750265872
2907,3748,3774,1043,15,1750265872
2908,3748,3775,1043,57,1750265872
2909,3757,3775,1007,13,1750265872
2910,3757,3778,1007,68,1750265872
2911,3750,3778,990,19,1750265872
2912,3779,3777,1044,13,1750265872
2913,3779,2977,1146,8,1750265872
2914,3780,2977,1146,17,1750265872
2915,3781,2977,1146,11,1750265872
2916,3781,3416,1147,9,1750265872
2917,3750,3785,990,45,1750265873
2918,3648,3785,980,19,1750265873
2919,3788,3416,1147,34,1750265873
2920,3648,3789,980,9,1750265873
2921,3642,3789,966,82,1750265873
2922,3796,3791,967,24,1750265873
2923,3799,3791,967,22,1750265874
2924,3799,3793,1046,40,1750265874
2925,3642,3803,966,10,1750265874
2926,3768,3803,964,41,1750265874
2927,3646,3803,954,41,1750265874
2928,3804,3802,972,30,1750265874
2929,3804,3793,1046,20,1750265874
2930,3808,3793,1046,37,1750265874
2931,3808,3807,1120,33,1750265874
2932,3664,3809,939,13,1750265874
2933,3810,3807,1120,2,1750265874
2934,3813,3416,1147,12,1750265874
2935,3813,2942,1153,30,1750265874
2936,3813,3491,1153,1,1750265874
2937,3810,3814,1125,64,1750265875
2938,3810,3816,1125,2,1750265875
2939,3664,3816,939,52,1750265875
2940,3818,3820,1129,41,1750265875
2941,3819,3820,1000,39,1750265875
2942,3819,3823,1000,32,1750265875
2943,3664,3823,939,7,1750265875
2944,3824,3491,1153,63,1750265875
2945,3824,3495,1153,24,1750265875
2946,3825,3495,1153,15,1750265875
2947,3664,3826,939,25,1750265875
2948,3783,3826,938,10,1750265875
2949,3755,3826,937,14,1750265875
2950,3680,3826,935,30,1750265875
2951,3831,3829,937,51,1750265875
2952,3831,3833,989,45,1750265876
2953,3837,3836,970,11,1750265876
2954,3680,3841,935,62,1750265876
2955,3845,3836,970,31,1750265876
2956,3845,3833,978,15,1750265876
2957,3845,3844,995,32,1750265876
2958,3845,3849,1012,14,1750265877
2959,3848,3849,1004,74,1750265877
2960,3680,3849,935,1,1750265877
2961,3850,3853,1006,44,1750265877
2962,3680,3853,935,4,1750265877
2963,3854,3838,1013,62,1750265877
2964,3855,3838,1013,37,1750265877
2965,3855,3839,1023,22,1750265877
2966,3856,3839,1023,49,1750265877
2967,3857,3846,1087,34,1750265877
2968,3856,3860,1078,20,1750265877
2969,3856,3863,1078,8,1750265877
2970,3858,3863,1019,74,1750265877
2971,3866,3846,1087,38,1750265878
2972,3876,3877,1066,16,1750265878
2973,3864,3877,1045,49,1750265878
2974,3864,3879,1045,6,1750265878
2975,3865,3879,1027,27,1750265878
2976,3869,3879,1027,25,1750265878
2977,3869,3880,1027,44,1750265878
2978,3858,3880,1019,6,1750265878
2979,3875,3880,976,33,1750265878
2980,3680,3880,935,3,1750265878
2981,3852,3880,933,5,1750265878
2982,3883,3881,993,51,1750265879
2983,3883,3885,1068,32,1750265879
2984,3883,3888,1068,3,1750265879
2985,3884,3888,1023,36,1750265879
2986,3884,3889,1023,31,1750265879
2987,3852,3889,933,22,1750265879
2988,3852,3890,933,51,1750265879
